3048 4864
287 359 374 426 oros
437 399 441 404 -
649 376 680 424 c.
703 373 819 424 rnrsrr
845 371 1009 424 eaoouur

288 517 523 600 sonngulando
548 526 681 598 necant,
710 525 767 582 ant
793 517 836 582 iis
862 535 941 600 qnae
972 512 1095 580 vesicae
1119 520 1261 580 nocent:
1294 514 1374 580 item

287 620 496 700 psimmythio
510 625 665 702 excepto.
712 619 928 701 lmponuntur
942 625 976 682 et
988 618 1091 682 ventri
1103 635 1148 680 ex
1161 617 1258 680 melle
1274 625 1375 700 atquo

288 724 397 797 aceto,
413 720 457 784 ad
471 720 671 786 detrahenda
685 719 768 784 vitia
781 720 859 783 alvi.
885 717 999 782 Urium
1012 716 1234 807 difficultates
1249 735 1374 782 succus

288 820 452 884 emendat.
495 820 652 885 Crateras
673 837 748 884 eum
774 829 809 884 et
833 819 1023 904 hydropicis
1049 818 1160 882 obolis
1183 817 1315 881 duobus
1338 818 1373 880 iu

287 927 382 984 aceto
396 929 431 984 et
445 922 565 1004 cyatho
581 922 649 985 viui
666 921 738 984 dari
748 921 856 1003 jubet.

330 1019 477 1098 Quidum
491 1030 526 1085 et
540 1042 558 1084 e
573 1022 709 1086 sativis⁸
730 1021 894 1102 colligunt
907 1037 1041 1084 succum
1057 1017 1164 1082 miuus
1180 1017 1373 1083 cffimcems

287 1122 479 1186 Peculiares
494 1141 604 1188 esrum
621 1123 707 1188 vires
722 1122 843 1204 partim
855 1129 880 1160 ¹⁰
897 1121 969 1204 jam
984 1119 1083 1184 dictes
1095 1127 1198 1194 sunt‚¹¹
1222 1137 1372 1182 somnum

287 1222 440 1296 faciendi,
465 1223 694 1305 Veneremque
718 1223 893 1297 inhibendi,
920 1229 1038 1286 estun
1061 1217 1282 1300 refrigerandi,
1307 1227 1374 1281 sto·

286 1323 435 1386 maehum
458 1324 629 1405 purgandi,
645 1323 835 1404 sangninem
852 1321 1004 1404 augendi.
1049 1321 1163 1388 Non¹¹
1187 1337 1304 1402 pouces
1324 1337 1374 1382 rc·

272 1420 394 1512 notant:
418 1425 571 1506 quoniam
596 1431 632 1488 et
651 1421 838 1487 inflationes
862 1422 1058 1499 discutiunt,
1072 1430 1256 1502 motusque
1278 1419 1372 1482 lenes

285 1524 423 1588 faciunt.
468 1523 540 1588 Nec
555 1525 626 1588 ulla
637 1531 662 1562 ¹¹
685 1533 758 1588 res'
780 1525 813 1586 in
827 1525 912 1588 cibis
927 1521 1116 1589 aviditatem
1133 1522 1262 1594 incitat,
1291 1519 1375 1582 inhi-

285 1624 554 1712 hctquocadem:
577 1626 610 1688 in
634 1643 740 1689 causa
765 1625 1023 1708 altemtraque¹³
1048 1623 1167 1687 modus
1193 1629 1271 1683 est·
1316 1620 1373 1682 Sic

286 1731 321 1786 et
336 1725 446 1796 alvom
463 1726 671 1807 copiosiores
686 1725 830 1801 solvunt,
844 1724 986 1788 modicae
1013 1725 1148 1787 sistunt.
1189 1720 1374 1786 Lentitiam

284 1825 415 1907 pituitae
437 1823 597 1903 digerunt,
613 1831 725 1906 atque,
741 1833 778 1888 ot
793 1825 898 1907 aliqui
914 1825 1128 1898 tradidemnt‚
1155 1841 1275 1886 sensus
1297 1840 1371 1904 pur·

286 1931 396 2004 gant'
440 1925 614 1990 stomachi
641 1924 796 1988 dissoluti
827 1926 1004 1988 utilissime
1034 1924 1248 2006 adjuvantur:
1271 1922 1307 1986 in
1332 1941 1374 1984 eo

284 2043 349 2088 osu
365 2030 400 2088 et
415 2027 557 2108 oxypori
572 2025 683 2089 obolis
695 2034 708 2060 ²
730 2027 945 2107 asperitatem
960 2025 1074 2090 addito
1088 2023 1178 2088 dulci
1199 2024 1240 2086 ad
1261 2023 1371 2086 intinc-

284 2130 355 2188 tum
369 2127 456 2191 aceti
472 2133 714 2210 temperantes:
738 2127 769 2190 si
783 2129 923 2192 crassior
945 2127 1068 2211 pituita
1091 2127 1147 2204 sit,
1170 2124 1295 2189 scillite
1317 2127 1374 2188 aut

316 2317 329 2341 ⁶
348 2307 476 2374 Utrasrrpac
485 2316 594 2374 prestat,
603 2327 647 2376 pro
657 2311 748 2362 diusmo
759 2314 865 2362 assandi
875 2313 950 2362 srodc.

284 2583 375 2632 Dalro.
387 2588 410 2632 ct
421 2588 543 2634 rcere-u
561 2584 624 2634 Cod.
638 2587 730 2637 llalcc.
740 2600 808 2635 succo
818 2585 894 2634 aaa
904 2584 1065 2696 welo
1081 2583 1142 2630 Vct.
1161 2581 1251 2628 Doleo.
1270 2581 1375 2642 parties·

283 2645 422 2694 larua-11
441 2645 512 2696 Naac
523 2664 568 2696 ποι
578 2649 635 2697 cod.
649 2650 803 2698 halec-ll
820 2649 861 2698 lta
873 2662 903 2697 co
987 2647 1086 2696 arduini
1098 2654 1124 2694 et
1138 2646 1226 2694 Dalec.
1242 2659 1301 2693 cum
1314 2644 1373 2692 cdd.

283 2708 412 2758 llsrduiu.
426 2713 449 2758 1.
461 2715 485 2759 2.
497 2714 521 2761 8.
534 2720 560 2762 et
572 2722 681 2762 receutt.
708 2719 832 2775 rectasque
841 2713 903 2761 terrea
912 2711 1016 2770 sudam,
1028 2711 1184 2758 concoctiones
1202 2705 1302 2768 (Chiffl.
1322 2723 1373 2756 corr·

282 2773 551 2835 mcticacmlcdjaooat.
585 2778 799 2839 Craditcteraipsae
808 2791 951 2838 naquaquam
963 2772 1068 2831 sociant.
1096 2771 1375 2822 succutaneus

284 2839 396 2898 vnlgg.-
404 2842 434 2886 13
451 2839 515 2888 Cod.
530 2841 621 2889 Dalec.
638 2841 828 2903 admiremur
844 2840 904 2888 Vct.
925 2839 1017 2886 Dalcc.
1034 2838 1222 2900 atriaque-lt
1240 2835 1376 2884 Stcuaclcc

283 2900 406 2950 diuolatca
415 2903 469 2950 atil.
480 2904 591 2962 cdjarm
602 2904 659 2954 eod.
673 2905 763 2954 Dalec.
795 2903 916 2953 stomata·
926 2903 1034 2950 δίκαιαί
1044 2917 1068 2950 a.
1078 2901 1199 2962 udam,
1207 2901 1244 2948 sti
1256 2912 1286 2947 ac
1296 2914 1323 2948 cc
1332 2913 1375 2948 aas

283 2963 415 3014 elimatur.
451 2967 631 3030 oxyporcpnlffi
641 2972 682 3030 lu.
704 2969 765 3018 Vct.
778 2967 870 3016 Dalec.
904 2964 1009 3024 Auueus
1020 2966 1045 3013 in
1059 2966 1161 3024 volgata
1178 2962 1292 3012 lecticae
1303 2963 1375 3023 legit,

283 3029 455 3093 ⁰³ypwopclae.
488 3032 529 3080 Al.
542 3039 606 3084 vett.
618 3047 660 3095 ap.
674 3032 766 3082 Dalcc·
783 3037 806 3080 ct
817 3045 919 3094 osypcrc
934 3032 1040 3089 hume,
1055 3031 1095 3092 hc.
1109 3033 1133 3078 ct
1148 3033 1213 3078 accio
1227 3031 1375 3088 temper-nat,-

778 3177 883 3230 norm

317 3271 324 3302 ²
342 3269 445 3325 Quidum
459 3277 485 3320 ct
500 3288 514 3322 c
527 3271 622 3336 asticis]
649 3273 737 3324 Dioac.
756 3274 806 3324 loc.
845 3273 1013 3336 asperitatem
1026 3272 1116 3322 addito
1125 3271 1314 3336 pactumad,
1325 3273 1374 3320 dal-

282 3341 533 3396 desideraveritis.
845 3347 880 3410 ci)
900 3349 1019 3410 uritigaut
1034 3348 1067 3397 ad
1083 3348 1219 3398 intinctum
1236 3348 1316 3397 aceti.
1348 3345 1374 3396 Si

316 3428 326 3452 ¹
345 3420 583 3482 Pccrrlicrca...juar
591 3424 661 3472 dicto
668 3423 735 3487 aaut]
748 3423 805 3474 Lib.
844 3424 1052 3486 crassiorpitulta
1062 3424 1087 3472 iu
1096 3423 1227 3472 stomacho
1235 3423 1374 3481 videbitur,

283 3507 342 3544 xrs.
352 3510 376 3542 c.
387 3499 429 3546 18.
461 3497 805 3562 Hacquoquelactucoedo-
845 3512 895 3547 uon
921 3512 1037 3563 oxyporo
1056 3497 1171 3548 dulcibus
1186 3499 1315 3562 edomito,
1331 3498 1375 3548 acd

283 3575 322 3616 tes
342 3571 491 3634 complexus
508 3579 547 3622 eat
566 3573 805 3624 Dissensiones
848 3574 943 3624 scillite
967 3581 1051 3634 aceto,
1074 3581 1117 3622 aot
1142 3572 1284 3622 absinthite
1316 3575 1375 3623 rino
1415 3593 1421 3602 ·

285 3647 339 3692 lto.
530 3638 533 3646 ’
845 3648 970 3698 utendum
982 3663 1038 3698 cum
1047 3651 1163 3699 lactucis·
1178 3648 1296 3712 'otlrcpa
1306 3651 1374 3699 dice-

315 3729 326 3752 *
343 3721 395 3769 Nec
406 3723 453 3772 ulla
464 3723 512 3785 rea]
534 3725 621 3781 Forte,
636 3739 679 3774 aec
694 3725 743 3774 clic
757 3738 801 3772 m.
819 3712 822 3720 ’
846 3725 949 3784 bantur,
959 3737 1016 3788 qne
1030 3733 1103 3774 aceto
1115 3725 1220 3774 condita
1234 3726 1268 3780 ad
1282 3726 1373 3776 iatine·

315 3803 331 3828 '
348 3796 435 3846 sm
451 3799 565 3862 purgarat]
588 3799 630 3848 Sic
648 3799 724 3861 paulo
742 3796 806 3848 iuis·
846 3807 887 3850 tus
899 3802 1074 3850 servabantur.
1091 3798 1169 3862 Apud
1181 3799 1283 3850 Colum.
1295 3801 1314 3850 l.
1325 3811 1374 3850 xrr.

281 3872 344 3928 rios,
356 3887 378 3921 c.
391 3876 431 3923 tt.
443 3873 561 3924 brassica
579 3889 624 3924 ean
640 3889 728 3924 sancus
746 3888 806 3937 por·
847 3883 926 3937 capnt
938 3883 1093 3939 postremum
1105 3876 1273 3924 inscribitur:
1297 3877 1374 3926 ‘llo-

259 3991 262 4004 ,
282 3949 338 4010 gari
350 3948 422 3997 dicit.
688 3991 696 4002 .
846 3958 929 4000 retum
942 3965 1093 4014 oxyporum,
1107 3953 1156 4013 vel,
1168 3959 1197 4000 nt
1213 3953 1267 4008 alii,
1278 3967 1375 4014 oxyga-

314 4029 327 4054 ¹
346 4025 453 4088 oxypori
462 4023 546 4086 omlis]
572 4025 700 4087 uelocia,
715 4024 805 4089 lnquit,
846 4041 910 4088 rum,
918 4027 1131 4092 quemadmodum
1140 4028 1298 4090 componas-¹
1316 4028 1374 4077 hla-

282 4101 402 4147 stomachi
427 4101 589 4164 sdjuvaotur,
605 4115 661 4150 cum
681 4115 805 4164 oxyporo‚
845 4101 884 4150 ris
893 4102 993 4151 ccudiri
1005 4103 1118 4151 lactucas
1128 4107 1219 4151 auctor
1231 4111 1273 4152 cat
1285 4105 1373 4152 Dicae.

283 4171 350 4233 quod
369 4174 436 4224 oholi
456 4189 574 4226 mensura
591 4177 716 4239 capiatur,
733 4177 805 4239 cojm
846 4193 877 4230 rr.
890 4183 945 4230 lot.
957 4180 1118 4244 Orymclite,
1128 4180 1227 4230 Plinius
1239 4184 1353 4232 armi&
