2990 4866
449 413 536 462 nnn.
559 411 659 460 uror.
684 411 756 460 ura.
780 412 848 463 xx.
873 399 928 462 73.
1142 403 1228 468 utor

137 575 182 621 ex
197 570 302 639 aqua.
347 553 448 620 Sedet
462 556 602 638 anginas
627 573 702 620 oum
724 556 823 622 melle
845 562 879 621 ot
901 555 1057 639 hysopo
1068 571 1116 620 ex
1131 565 1229 622 aceto

136 657 393 740 gargarizatum.
437 653 624 722 Auribus³i
645 657 823 721 infunditur
838 677 918 722 cunr
941 675 1095 722 rosaceo.
1138 657 1230 721 'lbo-

135 759 227 824 racis
252 757 391 840 pituitas
413 764 533 840 purgat
552 765 695 822 tostum:
718 777 795 822 cum
818 758 915 822 melle
936 764 1077 822 sumtum
1099 759 1229 824 melius·

137 858 226 923 Cum
251 857 433 924 acetabulo
457 859 551 923 anesi
571 877 674 922 nuces
700 877 831 922 amarae
861 875 892 921 a.
918 865 1077 941 purgatae
1103 865 1171 923 tere
1195 861 1229 924 in

136 959 292 1026 mellend
309 960 440 1024 tussim.
484 960 656 1024 Facillime
671 978 750 1023 vero
766 961 857 1024 anesi
874 959 1041 1024 drachmae
1062 967 1144 1036 tres,
1167 979 1229 1042 pa-

136 1061 287 1145 paveris,
311 1060 387 1124 dom
412 1060 590 1124 miscentur
611 1060 710 1124 melle
733 1059 777 1123 ad
801 1059 889 1124 sabae
905 1058 1174 1140 magnitudinem,
1198 1066 1230 1124 et

136 1163 242 1226 ternis
256 1161 375 1226 diebus
391 1167 574 1224 sumuntur·
609 1161 819 1244 Praecipuum
831 1167 943 1226 autem
955 1168 1006 1224 est
1021 1160 1064 1224 ad
1078 1167 1193 1223 ructus
1202 1158 1228 1222 rj

135 1261 217 1328 ideo
228 1258 478 1327 inflationibusk
501 1261 677 1338 stomachi,
694 1269 753 1325 ot⁴
774 1262 1007 1326 intestinorum
1024 1261 1229 1336 torminibus,

22 1401 29 1422 .
137 1359 358 1428 atcoelincie¹
373 1360 533 1426 medetur·
577 1361 749 1444 Singultus
760 1369 795 1426 et
809 1361 967 1440 olfuctnm
978 1368 1159 1443 potumque
1171 1361 1230 1424 tle·

137 1471 272 1529 coctum
287 1462 440 1528 inbibat.⁵
485 1462 591 1528 Foliis
606 1463 783 1528 decoctism
796 1463 909 1546 digerit
919 1461 1110 1526 cruditates.
1147 1461 1230 1525 Suc·

137 1581 199 1630 cus
229 1563 363 1630 decocti
393 1583 469 1628 cum
495 1565 573 1647 apio
597 1563 743 1630 ollactus
768 1560 1071 1630 stomatamenta⁶¹¹
1092 1561 1229 1628 inhibet.

137 1663 266 1730 Potum
297 1682 449 1728 somnum
477 1665 672 1730 concitat:⁷
703 1664 851 1730 calculos
879 1665 994 1747 pellit:
1029 1663 1230 1728 vomitiones

137 1764 288 1842 cohibet,
314 1773 349 1830 ot
377 1765 637 1848 proecordiornm
663 1773 818 1831 tumores.
861 1765 906 1832 Et
926 1769 1099 1848 pactorum
1125 1765 1229 1841 vitiis,

136 1867 253 1932 nervis
267 1885 414 1950 quoque,
426 1868 564 1950 quibus⁰
578 1867 783 1932 succinctum
795 1873 846 1934 est
860 1885 996 1951 eorpus,
1007 1867 1229 1934 utilissimum.

137 1967 287 2032 Prodest
301 1967 359 2032 ot8
382 1969 505 2051 capitis
529 1967 699 2034 doloribus
724 1969 878 2034 instillari
898 1987 1038 2033 succum
1061 1987 1135 2032 cum
1152 1967 1228 2032 oleo

138 2067 286 2133 decocu-
341 2067 418 2134 Non
448 2067 539 2133 aliud
563 2068 681 2132 utilius
710 2071 816 2134 uentri
842 2077 877 2134 et
901 2069 1066 2133 intestinis
1091 2073 1229 2151 putant:

137 2169 219 2235 ideo
233 2169 458 2281 dyecnnrricis
468 2178 504 2234 et
517 2171 552 2233 iu
564 2175 731 2235 tenesmo⁹
752 2170 849 2236 datur
860 2177 995 2236 tostum.
1039 2169 1158 2251 Aliqui
1170 2165 1228 2232 ad·

597 2331 729 2353 ΙΙΙΙΙ
730 2331 775 2352 m

138 2446 233 2495 Dalec.
251 2445 496 2510 carniumque-t
516 2447 609 2498 Frontis
625 2450 723 2500 nsrilm
742 2461 828 2514 margo
847 2447 907 2498 edd·
926 2445 1016 2496 llslcc.
1035 2452 1062 2494 ct
1081 2445 1193 2495 Gronov.
1212 2460 1228 2496 e

139 2511 281 2560 biorn-t
297 2509 483 2572 eonjnnettoct
492 2510 566 2561 deest
578 2513 604 2562 in
616 2514 676 2563 vet.
693 2515 832 2563 Drion-t
848 2511 857 2536 ⁸
869 2511 912 2561 Its
923 2510 997 2561 codd.
1010 2510 1091 2574 Regg.
1103 2517 1130 2559 et
1142 2509 1229 2560 Editio

139 2572 282 2638 princeos-⁹
302 2573 408 2624 Bruisr.
441 2573 469 2624 8.
487 2580 510 2624 st
528 2575 641 2637 slsum
657 2579 783 2640 ἀιωσιιιιιι,
802 2582 936 2688 mmsis,
954 2574 1045 2624 inlidet
1061 2573 1177 2624 Gronov.
1197 2575 1229 2624 si.

139 2645 205 2687 vert.
219 2636 346 2686 ilarduin.
357 2641 380 2686 l.
390 2642 414 2687 2.
425 2643 450 2688 t.
461 2639 557 2688 Miller.
568 2641 674 2704 Bipont.
685 2649 713 2692 et
725 2643 864 2692 Frena-t
897 2647 925 2690 ts
935 2639 994 2686 cdd.
1007 2646 1070 2687 vert.
1081 2645 1108 2687 et
1116 2639 1229 2688 Gronov.

137 2707 301 2751 stmsnrerrtu
312 2715 344 2749 ex
356 2701 431 2752 codd.
450 2703 597 2755 ilarduinus
614 2713 641 2754 at
653 2710 813 2755 recente-⁷
830 2704 890 2752 vet.
902 2702 992 2751 Dalec.
1004 2703 1170 2750 marilian-8
1187 2701 1229 2750 lta

138 2781 172 2820 cs
183 2766 262 2818 codd.
275 2765 425 2818 ilsrduiuss
435 2773 464 2818 et
474 2777 584 2820 reeentt.
606 2770 709 2822 mosen
724 2769 775 2831 sisu
788 2773 811 2818 st
822 2767 937 2818 Gronov.
955 2774 983 2816 st
994 2767 1128 2830 rnlggetl
1145 2763 1228 2816 ontffi.

631 2918 739 2971 NO'l'AE

140 3033 190 3067 vox
208 3018 279 3080 spud
291 3018 393 3068 Celsum
408 3019 453 3070 lib.
465 3031 503 3067 vr.
515 3017 548 3066 du
561 3017 666 3080 polypo.
738 3017 745 3050 ¹
760 3018 795 3067 Et
810 3015 922 3080 winus]
949 3016 1043 3066 Alvum
1058 3015 1125 3064 enirn
1136 3016 1228 3066 sistere

140 3095 290 3156 Καριινόιηι
304 3093 376 3156 ὄγκοι
386 3095 433 3144 boo
444 3093 502 3143 loco
514 3093 667 3154 intelligitur
705 3091 795 3142 scribit
807 3093 896 3142 Dicso.
908 3094 957 3142 loc.
969 3092 1014 3142 clt.

141 3185 157 3219 ιι
169 3171 266 3228 Plinio,
275 3177 351 3220 tumor
360 3167 545 3230 meconitis,
555 3169 597 3231 qni
609 3167 667 3218 abs·
738 3175 755 3200 ¹³
773 3167 849 3218 Foliis
859 3167 971 3232 desertis]
988 3165 1028 3216 lts
1046 3164 1101 3216 lere
1113 3163 1227 3216 Galenus

142 3262 192 3310 qne
213 3247 335 3296 exesicnc
354 3254 403 3297 est.
436 3245 468 3296 ln
485 3245 551 3295 Mes.
562 3244 627 3309 lieg.
639 3249 666 3294 et
706 3247 733 3292 el
742 3243 833 3292 Diosc.
847 3243 909 3292 locis
920 3241 1018 3302 citatis,
1029 3256 1085 3291 cunr
1098 3241 1168 3290 aniso
1178 3240 1227 3299 rim

142 3321 216 3372 Colb.
228 3323 322 3372 sorios
331 3321 448 3370 cardines.
706 3318 807 3379 pariter
816 3316 952 3380 digerendi
967 3317 1120 3379 attribuunt,
1134 3313 1229 3376 δύναμιν

173 3395 180 3428 ¹
196 3395 313 3458 Arrilss]
331 3397 394 3446 Corn
406 3407 510 3444 rosaceo
521 3392 617 3456 tritum,
628 3391 666 3442 in-
705 3389 875 3453 trecentenis.

143 3475 199 3537 quit
222 3471 310 3521 Dicae.
333 3485 376 3521 ιιι.
402 3475 443 3520 66.
465 3477 494 3519 st
514 3469 665 3518 instillstnrn
738 3467 956 3516 usrmnnnesrn
972 3463 1228 3529 [unusnentnhsbi

142 3546 348 3597 fractissnribus
365 3545 499 3595 medetur:
517 3541 665 3605 linivistis
705 3543 755 3606 iet]
783 3543 827 3593 Itu
848 3543 911 3592 bles.
933 3540 988 3590 fero
1010 3541 1122 3604 ubique:
1149 3538 1227 3590 infre·

141 3629 187 3686 ξιιι
196 3623 222 3672 ut
231 3623 280 3670 rrir
290 3622 355 3670 brer
365 3621 431 3670 trior
441 3620 485 3670 ebs
494 3617 573 3682 ῥοδίνῳ
582 3620 666 3668 irc-rs·
706 3619 835 3683 qnenrirrs,
845 3622 1038 3666 stemutunsrntn.
1062 3616 1154 3666 Atilius
1165 3633 1227 3681 qno-

142 3697 240 3761 ctum
250 3695 322 3746 idrus.
706 3707 763 3757 qne,
776 3706 815 3742 vr.
824 3695 864 3742 9⁹.
874 3705 933 3754 pag·
944 3694 1001 3740 alu.
1019 3691 1114 3740 anisum
1127 3692 1227 3742 cobibe·

173 3773 182 3816 l
199 3774 349 3836 Ρναιίιιιιι
357 3803 379 3820 ..
390 3772 434 3820 ,ιιι
443 3768 536 3832 ructu]
558 3767 597 3817 Ad
609 3781 667 3818 rnu-
705 3781 734 3818 re
745 3767 957 3816 sternutationem
967 3763 1067 3814 scribit.

139 3859 197 3901 turn
207 3848 310 3898 modice
325 3845 453 3897 ciandarn.
485 3842 666 3908 videqumda
735 3850 748 3877 ⁰
766 3842 855 3892 Neruis
869 3856 964 3905 ιιιιιι,
979 3838 1074 3904 quiin]
1100 3839 1158 3890 linc
1170 3855 1227 3890 rer·

138 3925 237 3976 snetlso
253 3923 363 3974 dicendi
375 3930 436 3973 suut
454 3936 513 3987 cup.
524 3925 565 3971 tt.
577 3919 665 3970 ststlrn
705 3917 794 3966 borurn
816 3916 913 3965 arnbitn
935 3925 1035 3979 septum
1055 3925 1226 3965 transuersum

138 4004 225 4054 initio.
705 3991 801 4056 signat,
821 3991 889 4054 qnod
909 3991 951 4040 alil
970 3991 1110 4054 cracow.
1129 3990 1155 4038 id
1177 3996 1227 4053 est,

172 4077 259 4127 ¹¹Ideo
269 4073 446 4140 inflationibus]
460 4071 665 4124 Dicsc.loc.cit.
703 4065 842 4131 uadetis,
871 4067 956 4129 plures
980 4064 1114 4129 διλφρημιι
1139 4065 1226 4128 appel·

137 4151 339 4204 ethlsuusds
356 4149 665 4214 Fsc.Slrup.Mad.csp.
704 4144 767 4192 lant.
800 4141 831 4190 lu
854 4141 920 4190 eninr
941 4141 1096 4191 membranis
1115 4149 1228 4204 constet,

136 4234 180 4280 48.
192 4243 253 4294 pag.
264 4229 321 4277 lot.
705 4217 798 4283 qnibns
817 4230 862 4266 cor
882 4223 909 4266 et
931 4215 1016 4279 pnlrno
1035 4229 1050 4264 s
1067 4217 1183 4279 jocinere
1200 4223 1226 4265 et
