3048 4864
501 393 588 442 ιιιιτ.
611 390 711 442 urse.
735 392 810 442 um.
834 389 919 441 xrx.
939 377 995 441 44.
1202 375 1288 444 8047

246 547 363 600 xuni.
384 535 546 602 Poterant
557 535 660 599 videri
674 534 766 600 dictu
779 536 900 600 ,omnis
914 551 990 619 quse
1013 534 1048 597 in
1071 535 1180 617 pretio
1204 543 1290 615 sunt,

201 637 267 700 nisi
282 643 419 701 restaret
433 655 485 700 res
500 636 636 700 maximi
650 645 812 719 quaestus,
827 656 893 700 ιιοιι
909 639 979 702 sine
994 636 1121 718 pudore
1136 636 1289 702 dicenda.

202 739 336 804 Certum
360 747 413 802 eet
432 738 559 821 quippe
583 737 727 801 carduos
751 737 839 820 apud
862 736 1098 818 Carthaginem
1124 756 1289 821 maguum,

204 839 458 923 Cordubumque
480 839 661 922 praecipue,
684 840 871 902 sestertium
895 857 976 902 sena
996 838 1121 902 miliiat
1142 841 1289 921 spurvis

203 939 336 1004 reddere
350 941 458 1006 ereis:
480 940 657 1023 quonism¹
680 946 835 1022 portenta
850 959 982 1022 quoque
997 944 1154 1003 terrarum
1176 941 1209 1002 in
1233 959 1289 1022 ge·

203 1059 301 1106 ueum
317 1043 487 1118 vertimus,
503 1040 605 1104 etium
625 1059 666 1103 eo
679 1059 757 1123 quse
778 1040 941 1122 refugiunt
954 1039 1190 1124 quadrupedes
1211 1062 1290 1106 con-

205 1143 299 1206 scius.
342 1142 493 1206 Cerduos
530 1149 628 1224 ergou
663 1143 793 1206 duobus
829 1142 935 1206 modis
976 1151 1110 1206 seruutz
1133 1147 1290 1204 autumno

205 1243 332 1325 planta,
346 1251 379 1308 ct
393 1244 518 1307 semine
539 1250 619 1306 'onte
641 1243 762 1307 Nonus
784 1243 945 1307 Mustius:
968 1243 1161 1326 plantaeque
1183 1259 1227 1304 ex
1247 1260 1289 1306 eo

205 1344 420 1428 disponuntur
447 1349 523 1408 unio
554 1343 637 1408 Idus
669 1343 880 1420 Novembris
907 1353 966 1410 eut
991 1345 1024 1407 in
1048 1344 1134 1408 looie
1163 1341 1291 1424 frigidis

205 1447 294 1512 circa
327 1445 523 1510 Favonium.
576 1446 826 1510 Stercorunturv
859 1449 971 1524 etiam,
1000 1445 1031 1509 si
1060 1444 1136 1508 Diis
1165 1443 1290 1526 placet,

204 1545 379 1629 aliusque
404 1548 616 1629 proveniunt:
647 1546 912 1630 condiunturque
939 1553 1032 1612 sceto
1058 1545 1156 1610 melle
1182 1544 1290 1608 diluto

193 1646 321 1711 uddita
340 1648 457 1713 laseris
478 1648 601 1726 radice,
623 1655 658 1712 et
679 1650 814 1727 cumini,
836 1668 876 1712 ne
891 1649 969 1730 quie
984 1649 1054 1712 dies
1078 1647 1151 1710 eine
1165 1644 1290 1710 carduo
1313 1664 1391 1706 tx

203 1747 260 1812 eit.

249 1849 502 1918 xu1V.Cotsru
537 1851 570 1914 iu
604 1857 791 1917 transcursu
826 1850 893 1914 dici
922 1856 1071 1933 possunt
1116 1847 1292 1912 ocimum·

658 2024 835 2048 conuentu

205 2143 307 2218 listoc.¹
315 2150 344 2194 et
363 2144 477 2222 Gronov.
498 2145 640 2205 lominum,
651 2158 665 2193 s
676 2157 734 2206 esp.
744 2145 785 2192 28.
797 2141 855 2192 iibri
867 2142 1006 2206 sequentis.
1023 2142 1138 2191 Gronov.
1150 2147 1178 2190 et
1188 2141 1221 2192 si.
1231 2146 1293 2191 sule

191 2207 413 2322 vfl'C'ddm'xi'ddi‘
438 2277 451 2322 l
470 2271 510 2322 its
521 2287 554 2322 ex
565 2272 640 2323 codd.
654 2270 803 2328 lietduinus
815 2276 843 2319 et
854 2275 965 2319 receuti.
986 2269 1095 2318 nstmis
1107 2282 1162 2317 seso
1178 2266 1252 2316 mutu
1266 2271 1294 2314 st

205 2336 308 2398 persius,
326 2337 440 2392 redderer
461 2339 570 2400 mium
585 2337 698 2386 Gronov.
711 2336 831 2397 etvutgg.
863 2331 1295 2397 Prospmu,vet.1telee.usust

207 2401 327 2458 aarum
343 2397 452 2450 cultile
470 2401 657 2464 pumisssddess
667 2401 709 2449 ιιι.

697 2543 803 2594 NOTAE

207 2641 294 2705 epulus,
311 2639 341 2698 ἣν
359 2639 493 2700 puteaco
513 2640 621 2700 καλοῦσι.
653 2639 729 2690 Gele-
771 2639 833 2688 tulit
844 2636 1025 2687 Columcilsde
1037 2637 1135 2694 cinere,
1147 2648 1188 2685 xr.
1200 2639 1224 2685 δ’.
1240 2635 1295 2686 ‘Ci-

207 2731 255 2766 uus
266 2717 299 2766 de
312 2718 413 2766 runnu.
425 2719 503 2781 simp.
514 2717 587 2767 Med.
598 2716 642 2766 lib.
653 2729 692 2764 vs.
705 2731 730 2777 p.
772 2726 841 2761 neree
862 2709 992 2766 sobolem,’
1009 2709 1101 2774 iuquit,
1119 2710 1226 2758 ‘melius
1247 2722 1295 2771 per

208 2797 265 2842 reo.
281 2789 432 2856 'mdpuyos
449 2794 557 2855 capulos
574 2790 591 2849 ἦ
607 2787 731 2851 puniris·
772 2787 887 2837 sutumui
904 2787 1084 2850 equinoctium
1110 2784 1294 2847 disponemus:

208 2886 256 2919 ros.
772 2876 858 2911 seuseu
886 2859 1041 2910 commodius
1066 2859 1136 2909 circs
1163 2857 1295 2908 liniendus

238 2931 374 3008 ''issesio]
403 2942 504 3005 Nempe
527 2940 595 3003 spud
612 2945 732 2991 suctores
771 2936 863 2986 Martii
873 2948 996 2995 essemus,
1006 2934 1111 2998 ejusque
1120 2935 1233 2997 pisutsm
1246 2933 1295 2982 cir·
1370 2983 1374 2991 ,

206 3019 278 3073 irsud
304 3033 365 3067 seue
392 3020 456 3067 sstis
483 3015 598 3078 idoneos,
624 3028 731 3078 quorum
772 3009 943 3060 csKsiendss
952 3007 1106 3059 Novembris
1116 3009 1298 3072 deprimemus,

207 3093 285 3144 fidem
302 3095 348 3144 lrsc
366 3094 391 3142 lu
412 3101 486 3155 perte
504 3089 669 3140 Dioscorides
680 3089 733 3138 eie·
773 3093 800 3136 et
820 3086 900 3135 multo
917 3085 1004 3134 cinere
1026 3083 1240 3132 stercorsbimus:
1268 3080 1295 3130 id

209 3178 263 3230 vet,
284 3171 333 3219 loc.
352 3169 398 3218 eit.
411 3165 527 3232 quemvis
545 3163 681 3228 suffrsguri
702 3165 733 3214 iis
773 3161 839 3210 enim
852 3175 931 3224 genus
948 3159 1066 3209 stercoris
1081 3159 1139 3207 lrulc
1150 3157 1213 3205 oleri
1226 3155 1298 3228 side·

207 3245 329 3294 sidestsr
346 3242 475 3307 Didymus
493 3241 518 3290 iu
541 3241 660 3304 Geopon.
679 3251 732 3289 xrs.
775 3243 817 3286 tur
828 3235 1005 3300 aptissimum!
1039 3236 1087 3284 Est
1106 3242 1133 3286 et
1145 3234 1232 3282 cinsrs
1244 3229 1297 3295 spi‘·

210 3325 249 3370 18.
259 3323 348 3384 peso.
775 3317 848 3372 nors,
861 3312 904 3372 qui
914 3310 1050 3360 Matthiolo
1062 3310 1088 3358 ln
1099 3309 1187 3358 Diosc.
1198 3307 1245 3357 lib.
1257 3321 1300 3357 ιιι.

241 3395 407 3447 ‘seuerus
415 3397 471 3443 sess
490 3391 577 3454 suillis]
595 3392 661 3444 Ques
680 3405 733 3440 uro·
775 3401 834 3448 ρος.
846 3388 903 3434 667.
921 3383 1030 3432 cerdone
1051 3384 1183 3432 sculestus
1195 3381 1298 3445 (licitur,

208 3480 277 3524 netes
289 3481 383 3522 nostres
400 3471 510 3520 Gallicus
521 3467 637 3518 efficiunt
653 3466 732 3516 iils'ras
775 3461 868 3510 Gordos
880 3457 1026 3520 c’sspme.

209 3554 356 3598 sexcentus.
804 3543 816 3567 '
832 3534 1010 3598 stercorantur]
1028 3532 1129 3582 Pstltd.
1151 3531 1196 3581 lib.
1216 3544 1255 3580 rs.
1270 3531 1297 3580 in

241 3630 252 3654 ¹
272 3623 377 3672 cartus
387 3619 455 3683 ergo]
468 3621 519 3670 Eos
531 3617 662 3682 iutelligit,
672 3631 733 3681 qrro·
773 3611 880 3668 Mettio,
898 3611 940 3660 tu.
953 3613 978 3658 9.
997 3623 1023 3672 p.
1034 3613 1076 3658 et.
1092 3613 1099 3636 ⁸
1113 3607 1221 3656 Terram
1233 3611 1298 3656 eter-

208 3711 265 3746 rum
287 3711 302 3744 s
324 3709 420 3760 genere
439 3695 567 3757 scolymus
587 3699 638 3756 est,
655 3699 683 3741 ut
701 3705 735 3741 ex
775 3693 888 3737 corstsrn
906 3693 934 3734 st
949 3684 1059 3732 sulutem
1078 3681 1162 3745 diligit
1179 3681 1298 3745 carduus,

209 3771 327 3823 cretione
341 3771 416 3820 Plinii
427 3771 519 3834 liquet,
529 3782 577 3818 xx.
589 3773 630 3818 itti.
648 3768 690 3817 uiri
702 3767 735 3816 ds
776 3761 889 3828 quumvis
900 3760 926 3809 iu
939 3758 1026 3824 pingui
1039 3758 1119 3822 possit
1138 3757 1228 3806 melius
1241 3770 1299 3820 pro·

209 3848 365 3898 carduorum
387 3845 521 3895 medicinis
544 3845 606 3907 ugit,
628 3857 734 3907 quorum
776 3837 880 3888 restire.¹

207 3937 278 3974 nuuc
294 3911 412 3984 tempore
430 3928 502 3970 setus
514 3920 645 3982 erupisset,
655 3918 735 3981 inpri·
807 3923 820 3948 ⁸
838 3911 957 3975 Ocisusm]
975 3909 1113 3959 Basilicum
1126 3907 1233 3958 Lobelio
1245 3903 1299 3957 dic·

208 4000 310 4063 rriisquc
334 3997 448 4062 sculptili,
476 3995 632 4056 l'Artt'ciuut‚
660 4009 734 4058 quam
775 3997 838 4054 trum,
860 3989 886 4037 in
908 3987 1019 4037 Advers.
1046 3999 1073 4048 p.
1094 3987 1152 4032 21⁵·
1166 3989 1194 4031 et
1215 3981 1297 4032 ustus

158 4109 164 4122 .
209 4063 297 4128 Letiui
317 4075 544 4138 ciusruur'qrroqtse
563 4071 736 4134 appelleremus
776 4078 877 4131 quoquc
905 4062 1004 4112 Basilis·
1052 4059 1077 4108 A
1105 4057 1243 4107 liisttlsiolo
1271 4058 1299 4107 iu

210 4153 280 4204 Nuus
298 4153 357 4215 quss'
374 4149 407 4198 de
428 4145 581 4197 carduorum
592 4151 651 4194 sstu
668 4155 736 4194 nurse
776 4141 865 4192 Diosc.
876 4137 921 4187 tib.
933 4150 965 4186 ιι.
985 4135 1079 4198 poll.
1096 4132 1208 4196 pingitur
1224 4145 1299 4182 sccu-

210 4225 356 4279 sii'smutur
367 4239 383 4274 s
393 4223 489 4287 Plinio,
498 4221 589 4274 sedem
600 4217 680 4270 iesme
697 4233 736 4270 re·
776 4223 843 4279 rste,
852 4219 879 4264 st
888 4211 999 4264 ocimum
1008 4207 1301 4274 mediomuuscupstus.
