<?xml version="1.0" encoding="UTF-8"?>
<!DOCTYPE html PUBLIC "-//W3C//DTD XHTML 1.0 Transitional//EN"
    "http://www.w3.org/TR/xhtml1/DTD/xhtml1-transitional.dtd">
<html xmlns="http://www.w3.org/1999/xhtml" xml:lang="en" lang="en">
 <head>
  <title>
</title>
<meta http-equiv="Content-Type" content="text/html;charset=utf-8" />
  <meta name='ocr-system' content='tesseract 3.04.00' />
  <meta name='ocr-capabilities' content='ocr_page ocr_carea ocr_par ocr_line ocrx_word'/>
</head>
<body>
  <div class='ocr_page' id='page_1' title='image "./cpliniisecundin00brotgoog_0435.png"; bbox 0 0 2990 4866; ppageno 0'>
   <div class='ocr_carea' id='block_1_1' title="bbox 294 363 1021 432">
    <p class='ocr_par' dir='ltr' id='par_1_1' title="bbox 294 363 1021 432">
     <span class='ocr_line' id='line_1_1' title="bbox 294 363 1021 432; baseline -0.007 -1"><span class='ocrx_word' id='word_1_1' title='bbox 294 363 381 432; x_wconf 73' lang='lat'><strong>3218</strong></span> <span class='ocrx_word' id='word_1_2' title='bbox 652 381 686 430; x_wconf 88' lang='lat' dir='ltr'><strong>o.</strong></span> <span class='ocrx_word' id='word_1_3' title='bbox 710 381 829 429; x_wconf 75' lang='lat' dir='ltr'><strong>aaran</strong></span> <span class='ocrx_word' id='word_1_4' title='bbox 855 376 1021 430; x_wconf 76' lang='lat' dir='ltr'><strong>saonam</strong></span> 
     </span>
    </p>
   </div>
   <div class='ocr_carea' id='block_1_2' title="bbox 290 521 1383 1012">
    <p class='ocr_par' dir='ltr' id='par_1_2' title="bbox 290 521 1383 1012">
     <span class='ocr_line' id='line_1_2' title="bbox 294 521 1383 608; baseline -0.001 -20"><span class='ocrx_word' id='word_1_5' title='bbox 294 531 378 608; x_wconf 89' lang='lat' dir='ltr'><strong>potu</strong></span> <span class='ocrx_word' id='word_1_6' title='bbox 406 527 505 606; x_wconf 89' lang='lat' dir='ltr'><strong>alque</strong></span> <span class='ocrx_word' id='word_1_7' title='bbox 531 523 696 588; x_wconf 74' lang='lat' dir='ltr'><strong>hilaritate</strong></span> <span class='ocrx_word' id='word_1_8' title='bbox 721 525 890 608; x_wconf 74' lang='lat' dir='ltr'><strong>praecipue</strong></span> <span class='ocrx_word' id='word_1_9' title='bbox 906 523 1043 588; x_wconf 88' lang='lat' dir='ltr'><strong>odorum</strong></span> <span class='ocrx_word' id='word_1_10' title='bbox 1060 521 1091 585; x_wconf 83' lang='lat' dir='ltr'><strong>vi</strong></span> <span class='ocrx_word' id='word_1_11' title='bbox 1108 522 1307 604; x_wconf 70' lang='lat' dir='ltr'><strong>subrepente</strong></span> <span class='ocrx_word' id='word_1_12' title='bbox 1319 524 1383 590; x_wconf 86' lang='lat' dir='ltr'><strong>lal-</strong></span> 
     </span>
     <span class='ocr_line' id='line_1_3' title="bbox 290 623 1382 708; baseline -0.002 -18"><span class='ocrx_word' id='word_1_13' title='bbox 290 627 423 702; x_wconf 88' lang='lat' dir='ltr'><strong>laciter,</strong></span> <span class='ocrx_word' id='word_1_14' title='bbox 452 625 640 691; x_wconf 71' lang='lat' dir='ltr'><strong>scelerata*</strong></span> <span class='ocrx_word' id='word_1_15' title='bbox 670 627 858 708; x_wconf 72' lang='lat' dir='ltr'><strong>Cleopatrae</strong></span> <span class='ocrx_word' id='word_1_16' title='bbox 880 625 1027 690; x_wconf 81' lang='lat' dir='ltr'><strong>solertia.</strong></span> <span class='ocrx_word' id='word_1_17' title='bbox 1072 623 1232 707; x_wconf 90' lang='lat' dir='ltr'><strong>Namque</strong></span> <span class='ocrx_word' id='word_1_18' title='bbox 1259 626 1295 689; x_wconf 91' lang='lat' dir='ltr'><strong>in</strong></span> <span class='ocrx_word' id='word_1_19' title='bbox 1323 645 1382 707; x_wconf 89' lang='lat' dir='ltr'><strong>ap-</strong></span> 
     </span>
     <span class='ocr_line' id='line_1_4' title="bbox 292 724 1382 809; baseline -0.001 -18"><span class='ocrx_word' id='word_1_20' title='bbox 292 733 434 809; x_wconf 81' lang='lat' dir='ltr'><strong>paratn¹</strong></span> <span class='ocrx_word' id='word_1_21' title='bbox 450 726 528 791; x_wconf 92' lang='lat' dir='ltr'><strong>belli</strong></span> <span class='ocrx_word' id='word_1_22' title='bbox 543 724 678 792; x_wconf 88' lang='lat' dir='ltr'><strong>Actiaci</strong></span> <span class='ocrx_word' id='word_1_23' title='bbox 694 725 965 808; x_wconf 81' lang='lat' dir='ltr'><strong>gratificationem</strong></span> <span class='ocrx_word' id='word_1_24' title='bbox 977 727 1084 809; x_wconf 88' lang='lat' dir='ltr'><strong>ipsius</strong></span> <span class='ocrx_word' id='word_1_25' title='bbox 1097 727 1218 806; x_wconf 75' lang='lat' dir='ltr'><strong>regium</strong></span> <span class='ocrx_word' id='word_1_26' title='bbox 1232 725 1382 790; x_wconf 86' lang='lat' dir='ltr'><strong>Antonio</strong></span> 
     </span>
     <span class='ocr_line' id='line_1_5' title="bbox 291 826 1382 911; baseline -0.001 -19"><span class='ocrx_word' id='word_1_27' title='bbox 291 830 440 905; x_wconf 71' lang='lat' dir='ltr'><strong>umente,</strong></span> <span class='ocrx_word' id='word_1_28' title='bbox 455 846 520 892; x_wconf 90' lang='lat' dir='ltr'><strong>nec</strong></span> <span class='ocrx_word' id='word_1_29' title='bbox 533 827 598 892; x_wconf 88' lang='lat' dir='ltr'><strong>nisi</strong></span> <span class='ocrx_word' id='word_1_30' title='bbox 613 835 834 911; x_wconf 75' lang='lat' dir='ltr'><strong>praegustatos</strong></span> <span class='ocrx_word' id='word_1_31' title='bbox 849 829 944 892; x_wconf 90' lang='lat' dir='ltr'><strong>cibos</strong></span> <span class='ocrx_word' id='word_1_32' title='bbox 966 832 1130 901; x_wconf 64' lang='lat' dir='ltr'><strong>sumente</strong></span> <span class='ocrx_word' id='word_1_33' title='bbox 1143 826 1246 890; x_wconf 81' lang='lat' dir='ltr'><strong>fertur</strong></span> <span class='ocrx_word' id='word_1_34' title='bbox 1260 845 1382 909; x_wconf 80' lang='lat' dir='ltr'><strong>pavore</strong></span> 
     </span>
     <span class='ocr_line' id='line_1_6' title="bbox 292 927 1382 1012; baseline -0.003 -19"><span class='ocrx_word' id='word_1_35' title='bbox 292 929 365 1012; x_wconf 90' lang='lat' dir='ltr'><strong>ejus</strong></span> <span class='ocrx_word' id='word_1_36' title='bbox 380 929 515 1005; x_wconf 80' lang='lat' dir='ltr'><strong>lusisse,</strong></span> <span class='ocrx_word' id='word_1_37' title='bbox 530 929 688 993; x_wconf 84' lang='lat' dir='ltr'><strong>extremis</strong></span> <span class='ocrx_word' id='word_1_38' title='bbox 710 946 840 992; x_wconf 78' lang='lat' dir='ltr'><strong>coronae</strong></span> <span class='ocrx_word' id='word_1_39' title='bbox 862 929 1001 992; x_wconf 87' lang='lat' dir='ltr'><strong>floribus</strong></span> <span class='ocrx_word' id='word_1_40' title='bbox 1023 947 1148 992; x_wconf 83' lang='lat' dir='ltr'><strong>veneno</strong></span> <span class='ocrx_word' id='word_1_41' title='bbox 1170 927 1276 1004; x_wconf 90' lang='lat' dir='ltr'><strong>illitis,</strong></span> <span class='ocrx_word' id='word_1_42' title='bbox 1292 929 1382 1010; x_wconf 85' lang='lat' dir='ltr'><strong>ipsa·</strong></span> 
     </span>
    </p>
   </div>
   <div class='ocr_carea' id='block_1_3' title="bbox 287 1028 1382 1515">
    <p class='ocr_par' dir='ltr' id='par_1_3' title="bbox 287 1028 1382 1515">
     <span class='ocr_line' id='line_1_7' title="bbox 292 1028 1382 1113; baseline -0.002 -19"><span class='ocrx_word' id='word_1_43' title='bbox 292 1049 358 1113; x_wconf 85' lang='lat' dir='ltr'><strong>que</strong></span> <span class='ocrx_word' id='word_1_44' title='bbox 387 1030 491 1112; x_wconf 90' lang='lat' dir='ltr'><strong>capiti</strong></span> <span class='ocrx_word' id='word_1_45' title='bbox 520 1029 688 1112; x_wconf 87' lang='lat' dir='ltr'><strong>imposita,</strong></span> <span class='ocrx_word' id='word_1_46' title='bbox 717 1047 795 1092; x_wconf 84' lang='lat' dir='ltr'><strong>mox</strong></span> <span class='ocrx_word' id='word_1_47' title='bbox 821 1028 1020 1110; x_wconf 84' lang='lat' dir='ltr'><strong>procedente</strong></span> <span class='ocrx_word' id='word_1_48' title='bbox 1041 1029 1205 1092; x_wconf 81' lang='lat' dir='ltr'><strong>hilaritate</strong></span> <span class='ocrx_word' id='word_1_49' title='bbox 1227 1029 1382 1092; x_wconf 80' lang='lat' dir='ltr'><strong>inritavit</strong></span> 
     </span>
     <span class='ocr_line' id='line_1_8' title="bbox 290 1126 1380 1207; baseline 0.002 -15"><span class='ocrx_word' id='word_1_50' title='bbox 290 1129 487 1207; x_wconf 81' lang='lat' dir='ltr'><strong>Antonium,</strong></span> <span class='ocrx_word' id='word_1_51' title='bbox 501 1134 539 1192; x_wconf 90' lang='lat' dir='ltr'><strong>ut</strong></span> <span class='ocrx_word' id='word_1_52' title='bbox 552 1147 696 1192; x_wconf 87' lang='lat' dir='ltr'><strong>coronas</strong></span> <span class='ocrx_word' id='word_1_53' title='bbox 711 1128 872 1192; x_wconf 82' lang='lat' dir='ltr'><strong>biberent·</strong></span> <span class='ocrx_word' id='word_1_54' title='bbox 915 1126 1003 1206; x_wconf 84' lang='lat' dir='ltr'><strong>Quis</strong></span> <span class='ocrx_word' id='word_1_55' title='bbox 1014 1129 1065 1192; x_wconf 88' lang='lat' dir='ltr'><strong>ita</strong></span> <span class='ocrx_word' id='word_1_56' title='bbox 1077 1130 1203 1193; x_wconf 89' lang='lat' dir='ltr'><strong>timeret</strong></span> <span class='ocrx_word' id='word_1_57' title='bbox 1213 1129 1380 1194; x_wconf 88' lang='lat' dir='ltr'><strong>insidiasl</strong></span> 
     </span>
     <span class='ocr_line' id='line_1_9' title="bbox 290 1229 1381 1312; baseline 0 -18"><span class='ocrx_word' id='word_1_58' title='bbox 290 1230 379 1312; x_wconf 78' lang='lat' dir='ltr'><strong>Ergo</strong></span> <span class='ocrx_word' id='word_1_59' title='bbox 394 1237 572 1312; x_wconf 79' lang='lat' dir='ltr'><strong>concerpta</strong></span> <span class='ocrx_word' id='word_1_60' title='bbox 583 1231 618 1294; x_wconf 91' lang='lat' dir='ltr'><strong>in</strong></span> <span class='ocrx_word' id='word_1_61' title='bbox 633 1229 797 1312; x_wconf 83' lang='lat' dir='ltr'><strong>scyphum</strong></span> <span class='ocrx_word' id='word_1_62' title='bbox 812 1229 982 1310; x_wconf 88' lang='lat' dir='ltr'><strong>incipienti</strong></span> <span class='ocrx_word' id='word_1_63' title='bbox 997 1229 1127 1293; x_wconf 75' lang='lat' dir='ltr'><strong>banure</strong></span> <span class='ocrx_word' id='word_1_64' title='bbox 1138 1230 1297 1311; x_wconf 86' lang='lat' dir='ltr'><strong>opposita</strong></span> <span class='ocrx_word' id='word_1_65' title='bbox 1311 1249 1381 1294; x_wconf 91' lang='lat' dir='ltr'><strong>ma·</strong></span> 
     </span>
     <span class='ocr_line' id='line_1_10' title="bbox 289 1327 1378 1413; baseline 0.002 -19"><span class='ocrx_word' id='word_1_66' title='bbox 289 1350 351 1394; x_wconf 89' lang='lat' dir='ltr'><strong>nu:</strong></span> <span class='ocrx_word' id='word_1_67' title='bbox 375 1331 448 1394; x_wconf 80' lang='lat' dir='ltr'><strong>‘Fu</strong></span> <span class='ocrx_word' id='word_1_68' title='bbox 463 1349 525 1412; x_wconf 79' lang='lat' dir='ltr'><strong>ego</strong></span> <span class='ocrx_word' id='word_1_69' title='bbox 538 1330 632 1405; x_wconf 66' lang='lat' dir='ltr'><strong>sunl</strong></span> <span class='ocrx_word' id='word_1_70' title='bbox 657 1331 775 1413; x_wconf 88' lang='lat' dir='ltr'><strong>iuquit,</strong></span> <span class='ocrx_word' id='word_1_71' title='bbox 801 1329 893 1405; x_wconf 88' lang='lat' dir='ltr'><strong>‘illa,</strong></span> <span class='ocrx_word' id='word_1_72' title='bbox 913 1328 1029 1394; x_wconf 84' lang='lat' dir='ltr'><strong>Marce</strong></span> <span class='ocrx_word' id='word_1_73' title='bbox 1042 1327 1197 1406; x_wconf 78' lang='lat' dir='ltr'><strong>Antoni,⁴</strong></span> <span class='ocrx_word' id='word_1_74' title='bbox 1217 1349 1318 1413; x_wconf 90' lang='lat' dir='ltr'><strong>quam</strong></span> <span class='ocrx_word' id='word_1_75' title='bbox 1344 1338 1378 1396; x_wconf 92' lang='lat' dir='ltr'><strong>tn</strong></span> 
     </span>
     <span class='ocr_line' id='line_1_11' title="bbox 287 1429 1381 1515; baseline 0 -19"><span class='ocrx_word' id='word_1_76' title='bbox 287 1449 378 1497; x_wconf 84' lang='lat' dir='ltr'><strong>nova</strong></span> <span class='ocrx_word' id='word_1_77' title='bbox 393 1432 669 1515; x_wconf 75' lang='lat' dir='ltr'><strong>praegustantium</strong></span> <span class='ocrx_word' id='word_1_78' title='bbox 683 1431 853 1513; x_wconf 80' lang='lat' dir='ltr'><strong>diligentia</strong></span> <span class='ocrx_word' id='word_1_79' title='bbox 867 1450 988 1496; x_wconf 76' lang='lat' dir='ltr'><strong>caves:</strong></span> <span class='ocrx_word' id='word_1_80' title='bbox 1003 1429 1090 1497; x_wconf 90' lang='lat' dir='ltr'><strong>adeo</strong></span> <span class='ocrx_word' id='word_1_81' title='bbox 1105 1431 1212 1508; x_wconf 69' lang='grc' dir='ltr'><strong>ιιιίΙιί,ς</strong></span> <span class='ocrx_word' id='word_1_82' title='bbox 1222 1439 1243 1465; x_wconf 82' lang='lat'><strong>¹¹¹</strong></span> <span class='ocrx_word' id='word_1_83' title='bbox 1258 1434 1287 1495; x_wconf 88' lang='lat' dir='ltr'><strong>si</strong></span> <span class='ocrx_word' id='word_1_84' title='bbox 1301 1451 1381 1514; x_wconf 91' lang='lat' dir='ltr'><strong>pos·</strong></span> 
     </span>
    </p>
   </div>
   <div class='ocr_carea' id='block_1_4' title="bbox 283 1530 1378 2524">
    <p class='ocr_par' dir='ltr' id='par_1_4' title="bbox 284 1530 1378 2219">
     <span class='ocr_line' id='line_1_12' title="bbox 288 1530 1378 1608; baseline 0 -10"><span class='ocrx_word' id='word_1_85' title='bbox 288 1534 353 1598; x_wconf 88' lang='lat' dir='ltr'><strong>sim</strong></span> <span class='ocrx_word' id='word_1_86' title='bbox 367 1534 438 1598; x_wconf 89' lang='lat' dir='ltr'><strong>sine</strong></span> <span class='ocrx_word' id='word_1_87' title='bbox 449 1540 482 1598; x_wconf 90' lang='lat' dir='ltr'><strong>te</strong></span> <span class='ocrx_word' id='word_1_88' title='bbox 497 1535 617 1608; x_wconf 87' lang='lat' dir='ltr'><strong>vivere,</strong></span> <span class='ocrx_word' id='word_1_89' title='bbox 634 1535 770 1599; x_wconf 88' lang='lat' dir='ltr'><strong>occasio</strong></span> <span class='ocrx_word' id='word_1_90' title='bbox 784 1541 842 1597; x_wconf 86' lang='lat' dir='ltr'><strong>aut</strong></span> <span class='ocrx_word' id='word_1_91' title='bbox 856 1534 945 1598; x_wconf 89' lang='lat' dir='ltr'><strong>ratio</strong></span> <span class='ocrx_word' id='word_1_92' title='bbox 959 1531 1078 1598; x_wconf 71' lang='lat' dir='ltr'><strong>deest!</strong></span> <span class='ocrx_word' id='word_1_93' title='bbox 1099 1530 1184 1596; x_wconf 91' lang='lat' dir='ltr'><strong>Inde</strong></span> <span class='ocrx_word' id='word_1_94' title='bbox 1197 1533 1378 1598; x_wconf 71' lang='lat' dir='ltr'><strong>eductuml</strong></span> 
     </span>
     <span class='ocr_line' id='line_1_13' title="bbox 287 1633 1378 1718; baseline 0 -20"><span class='ocrx_word' id='word_1_95' title='bbox 287 1634 438 1698; x_wconf 89' lang='lat' dir='ltr'><strong>custodia</strong></span> <span class='ocrx_word' id='word_1_96' title='bbox 452 1634 566 1698; x_wconf 89' lang='lat' dir='ltr'><strong>bibere</strong></span> <span class='ocrx_word' id='word_1_97' title='bbox 575 1635 695 1718; x_wconf 88' lang='lat' dir='ltr'><strong>jussit,</strong></span> <span class='ocrx_word' id='word_1_98' title='bbox 711 1636 800 1699; x_wconf 93' lang='lat' dir='ltr'><strong>illico</strong></span> <span class='ocrx_word' id='word_1_99' title='bbox 816 1637 1035 1717; x_wconf 80' lang='lat' dir='ltr'><strong>expirantem.</strong></span> <span class='ocrx_word' id='word_1_100' title='bbox 1061 1634 1112 1698; x_wconf 88' lang='lat' dir='ltr'><strong>De</strong></span> <span class='ocrx_word' id='word_1_101' title='bbox 1127 1633 1378 1717; x_wconf 87' lang='lat' dir='ltr'><strong>floribussupra</strong></span> 
     </span>
     <span class='ocr_line' id='line_1_14' title="bbox 286 1733 1377 1819; baseline 0.002 -23"><span class='ocrx_word' id='word_1_102' title='bbox 286 1733 440 1800; x_wconf 83' lang='lat' dir='ltr'><strong>dictos·⁶</strong></span> <span class='ocrx_word' id='word_1_103' title='bbox 462 1737 598 1819; x_wconf 86' lang='lat' dir='ltr'><strong>scripsit</strong></span> <span class='ocrx_word' id='word_1_104' title='bbox 611 1735 889 1818; x_wconf 84' lang='lat' dir='ltr'><strong>Theophrastns⁰</strong></span> <span class='ocrx_word' id='word_1_105' title='bbox 904 1736 996 1819; x_wconf 91' lang='lat' dir='ltr'><strong>apud</strong></span> <span class='ocrx_word' id='word_1_106' title='bbox 1008 1734 1160 1800; x_wconf 68' lang='lat' dir='ltr'><strong>Graecos.</strong></span> <span class='ocrx_word' id='word_1_107' title='bbox 1186 1734 1241 1796; x_wconf 88' lang='lat' dir='ltr'><strong>Ex</strong></span> <span class='ocrx_word' id='word_1_108' title='bbox 1252 1737 1377 1798; x_wconf 82' lang='lat' dir='ltr'><strong>nostris</strong></span> 
     </span>
     <span class='ocr_line' id='line_1_15' title="bbox 285 1832 1377 1919; baseline 0 -21"><span class='ocrx_word' id='word_1_109' title='bbox 285 1839 397 1898; x_wconf 88' lang='lat' dir='ltr'><strong>autem</strong></span> <span class='ocrx_word' id='word_1_110' title='bbox 412 1836 613 1919; x_wconf 85' lang='lat' dir='ltr'><strong>inscripsere</strong></span> <span class='ocrx_word' id='word_1_111' title='bbox 630 1837 731 1919; x_wconf 88' lang='lat' dir='ltr'><strong>aliqui</strong></span> <span class='ocrx_word' id='word_1_112' title='bbox 748 1837 853 1900; x_wconf 92' lang='lat' dir='ltr'><strong>libros</strong></span> <span class='ocrx_word' id='word_1_113' title='bbox 870 1834 1162 1917; x_wconf 73' lang='lat' dir='ltr'><strong>Antbologicontt‘</strong></span> <span class='ocrx_word' id='word_1_114' title='bbox 1183 1832 1283 1896; x_wconf 86' lang='lat' dir='ltr'><strong>liores</strong></span> <span class='ocrx_word' id='word_1_115' title='bbox 1300 1854 1377 1898; x_wconf 87' lang='lat' dir='ltr'><strong>vero</strong></span> 
     </span>
     <span class='ocr_line' id='line_1_16' title="bbox 284 1933 1377 2019; baseline 0 -21"><span class='ocrx_word' id='word_1_116' title='bbox 284 1940 499 2016; x_wconf 85' lang='lat' dir='ltr'><strong>persecutns⁷</strong></span> <span class='ocrx_word' id='word_1_117' title='bbox 521 1945 573 2000; x_wconf 91' lang='lat' dir='ltr'><strong>est</strong></span> <span class='ocrx_word' id='word_1_118' title='bbox 595 1955 705 2012; x_wconf 86' lang='lat' dir='ltr'><strong>nemo,</strong></span> <span class='ocrx_word' id='word_1_119' title='bbox 720 1935 812 2018; x_wconf 88' lang='lat' dir='ltr'><strong>qued</strong></span> <span class='ocrx_word' id='word_1_120' title='bbox 834 1934 990 2019; x_wconf 85' lang='lat' dir='ltr'><strong>equidem</strong></span> <span class='ocrx_word' id='word_1_121' title='bbox 1011 1935 1187 1998; x_wconf 84' lang='lat' dir='ltr'><strong>inveniam.</strong></span> <span class='ocrx_word' id='word_1_122' title='bbox 1234 1933 1377 1998; x_wconf 90' lang='lat' dir='ltr'><strong>Necnos</strong></span> 
     </span>
     <span class='ocr_line' id='line_1_17' title="bbox 284 2035 1376 2101; baseline 0.002 -4"><span class='ocrx_word' id='word_1_123' title='bbox 284 2053 372 2098; x_wconf 89' lang='lat' dir='ltr'><strong>nnuc</strong></span> <span class='ocrx_word' id='word_1_124' title='bbox 399 2036 527 2100; x_wconf 89' lang='lat' dir='ltr'><strong>scilicet</strong></span> <span class='ocrx_word' id='word_1_125' title='bbox 554 2055 695 2101; x_wconf 80' lang='lat' dir='ltr'><strong>comeus</strong></span> <span class='ocrx_word' id='word_1_126' title='bbox 717 2045 912 2100; x_wconf 83' lang='lat' dir='ltr'><strong>nectemus:</strong></span> <span class='ocrx_word' id='word_1_127' title='bbox 946 2035 980 2100; x_wconf 94' lang='lat' dir='ltr'><strong>id</strong></span> <span class='ocrx_word' id='word_1_128' title='bbox 1006 2036 1094 2099; x_wconf 91' lang='lat' dir='ltr'><strong>enim</strong></span> <span class='ocrx_word' id='word_1_129' title='bbox 1119 2035 1275 2099; x_wconf 73' lang='lat' dir='ltr'><strong>smvolnm</strong></span> <span class='ocrx_word' id='word_1_130' title='bbox 1304 2043 1376 2099; x_wconf 86' lang='lat' dir='ltr'><strong>est:</strong></span> 
     </span>
     <span class='ocr_line' id='line_1_18' title="bbox 284 2133 1284 2219; baseline -0.002 -21"><span class='ocrx_word' id='word_1_131' title='bbox 284 2135 344 2199; x_wconf 90' lang='lat' dir='ltr'><strong>sed</strong></span> <span class='ocrx_word' id='word_1_132' title='bbox 361 2135 403 2199; x_wconf 91' lang='lat' dir='ltr'><strong>de</strong></span> <span class='ocrx_word' id='word_1_133' title='bbox 416 2133 565 2214; x_wconf 90' lang='lat' dir='ltr'><strong>floribus,</strong></span> <span class='ocrx_word' id='word_1_134' title='bbox 582 2156 658 2219; x_wconf 84' lang='lat' dir='ltr'><strong>quae</strong></span> <span class='ocrx_word' id='word_1_135' title='bbox 673 2136 873 2200; x_wconf 82' lang='lat' dir='ltr'><strong>ridebuntur</strong></span> <span class='ocrx_word' id='word_1_136' title='bbox 884 2135 996 2218; x_wconf 81' lang='lat' dir='ltr'><strong>digua,</strong></span> <span class='ocrx_word' id='word_1_137' title='bbox 1010 2136 1284 2200; x_wconf 85' lang='lat' dir='ltr'><strong>memorabimus.</strong></span> 
     </span>
    </p>

    <p class='ocr_par' dir='ltr' id='par_1_5' title="bbox 283 2231 1377 2524">
     <span class='ocr_line' id='line_1_19' title="bbox 329 2231 1377 2319; baseline 0.002 -21"><span class='ocrx_word' id='word_1_138' title='bbox 329 2231 368 2298; x_wconf 78' lang='lat' dir='ltr'><strong>x&#39;.</strong></span> <span class='ocrx_word' id='word_1_139' title='bbox 390 2239 471 2316; x_wconf 82' lang='grc' dir='ltr'><strong>(ιν.)</strong></span> <span class='ocrx_word' id='word_1_140' title='bbox 495 2237 706 2302; x_wconf 89' lang='lat' dir='ltr'><strong>Paucissima</strong></span> <span class='ocrx_word' id='word_1_141' title='bbox 719 2237 824 2301; x_wconf 87' lang='lat' dir='ltr'><strong>nostri</strong></span> <span class='ocrx_word' id='word_1_142' title='bbox 839 2255 958 2319; x_wconf 80' lang='lat' dir='ltr'><strong>genera</strong></span> <span class='ocrx_word' id='word_1_143' title='bbox 969 2245 1279 2301; x_wconf 78' lang='lat' dir='ltr'><strong>coronamentorum</strong></span> <span class='ocrx_word' id='word_1_144' title='bbox 1291 2238 1377 2301; x_wconf 89' lang='lat' dir='ltr'><strong>inter</strong></span> 
     </span>
     <span class='ocr_line' id='line_1_20' title="bbox 283 2335 1377 2420; baseline 0.003 -22"><span class='ocrx_word' id='word_1_145' title='bbox 283 2335 453 2401; x_wconf 87' lang='lat' dir='ltr'><strong>hortensia</strong></span> <span class='ocrx_word' id='word_1_146' title='bbox 467 2356 602 2413; x_wconf 85' lang='lat' dir='ltr'><strong>novere,</strong></span> <span class='ocrx_word' id='word_1_147' title='bbox 624 2356 665 2401; x_wconf 91' lang='lat' dir='ltr'><strong>ac</strong></span> <span class='ocrx_word' id='word_1_148' title='bbox 681 2355 777 2420; x_wconf 82' lang='lat' dir='ltr'><strong>poeue</strong></span> <span class='ocrx_word' id='word_1_149' title='bbox 792 2336 899 2400; x_wconf 85' lang='lat' dir='ltr'><strong>violas</strong></span> <span class='ocrx_word' id='word_1_150' title='bbox 912 2354 1076 2418; x_wconf 89' lang='lat' dir='ltr'><strong>rosasque</strong></span> <span class='ocrx_word' id='word_1_151' title='bbox 1095 2343 1236 2400; x_wconf 90' lang='lat' dir='ltr'><strong>tantum.</strong></span> <span class='ocrx_word' id='word_1_152' title='bbox 1281 2337 1377 2402; x_wconf 90' lang='lat' dir='ltr'><strong>Rosa</strong></span> 
     </span>
     <span class='ocr_line' id='line_1_21' title="bbox 283 2437 1376 2524; baseline 0.002 -23"><span class='ocrx_word' id='word_1_153' title='bbox 283 2439 431 2504; x_wconf 89' lang='lat' dir='ltr'><strong>nascitur</strong></span> <span class='ocrx_word' id='word_1_154' title='bbox 444 2439 543 2522; x_wconf 90' lang='lat' dir='ltr'><strong>spina</strong></span> <span class='ocrx_word' id='word_1_155' title='bbox 557 2440 679 2518; x_wconf 87' lang='lat' dir='ltr'><strong>verius,</strong></span> <span class='ocrx_word' id='word_1_156' title='bbox 696 2459 795 2523; x_wconf 89' lang='lat' dir='ltr'><strong>quam</strong></span> <span class='ocrx_word' id='word_1_157' title='bbox 820 2437 949 2514; x_wconf 80' lang='lat' dir='ltr'><strong>frutice,</strong></span> <span class='ocrx_word' id='word_1_158' title='bbox 965 2439 998 2501; x_wconf 92' lang='lat' dir='ltr'><strong>iu</strong></span> <span class='ocrx_word' id='word_1_159' title='bbox 1022 2438 1106 2502; x_wconf 88' lang='lat' dir='ltr'><strong>rubo</strong></span> <span class='ocrx_word' id='word_1_160' title='bbox 1121 2447 1279 2522; x_wconf 73' lang='lat' dir='ltr'><strong>quoquel</strong></span> <span class='ocrx_word' id='word_1_161' title='bbox 1301 2460 1376 2524; x_wconf 89' lang='lat' dir='ltr'><strong>pro·</strong></span> 
     </span>
    </p>
   </div>
   <div class='ocr_carea' id='block_1_5' title="bbox 314 2621 732 2686">
    <p class='ocr_par' dir='ltr' id='par_1_6' title="bbox 314 2621 732 2686">
     <span class='ocr_line' id='line_1_22' title="bbox 314 2621 732 2686; baseline 0.005 -16"><span class='ocrx_word' id='word_1_162' title='bbox 314 2627 325 2652; x_wconf 83' lang='lat'><strong>¹</strong></span> <span class='ocrx_word' id='word_1_163' title='bbox 342 2621 437 2671; x_wconf 80' lang='lat' dir='ltr'><strong>Proetrr</strong></span> <span class='ocrx_word' id='word_1_164' title='bbox 446 2621 522 2671; x_wconf 78' lang='lat' dir='ltr'><strong>dictor</strong></span> <span class='ocrx_word' id='word_1_165' title='bbox 532 2626 588 2672; x_wconf 78' lang='lat' dir='ltr'><strong>rste</strong></span> <span class='ocrx_word' id='word_1_166' title='bbox 598 2623 732 2686; x_wconf 72' lang='lat' dir='ltr'><strong>aerlptorn.</strong></span> 
     </span>
    </p>
   </div>
   <div class='ocr_carea' id='block_1_6' title="bbox 735 2775 913 2796">
    <p class='ocr_par' dir='ltr' id='par_1_7' title="bbox 735 2775 913 2796">
     <span class='ocr_line' id='line_1_23' title="bbox 735 2775 913 2796; baseline 0.006 -1"><span class='ocrx_word' id='word_1_167' title='bbox 735 2775 913 2796; x_wconf 63' lang='grc' dir='ltr'><strong>ΝΟΜΟΙΜΟ</strong></span> 
     </span>
    </p>
   </div>
   <div class='ocr_carea' id='block_1_7' title="bbox 252 2905 1376 3224">
    <p class='ocr_par' dir='ltr' id='par_1_8' title="bbox 252 2905 1376 3224">
     <span class='ocr_line' id='line_1_24' title="bbox 281 2905 1374 2976; baseline 0.011 -26"><span class='ocrx_word' id='word_1_168' title='bbox 281 2907 304 2950; x_wconf 86' lang='lat'><strong>1.</strong></span> <span class='ocrx_word' id='word_1_169' title='bbox 315 2907 339 2952; x_wconf 59' lang='grc' dir='ltr'><strong>π.</strong></span> <span class='ocrx_word' id='word_1_170' title='bbox 350 2909 375 2953; x_wconf 76' lang='lat' dir='ltr'><strong>t.</strong></span> <span class='ocrx_word' id='word_1_171' title='bbox 392 2905 488 2955; x_wconf 85' lang='lat' dir='ltr'><strong>bliller.</strong></span> <span class='ocrx_word' id='word_1_172' title='bbox 506 2905 612 2970; x_wconf 86' lang='lat' dir='ltr'><strong>Bipont.</strong></span> <span class='ocrx_word' id='word_1_173' title='bbox 630 2913 658 2956; x_wconf 88' lang='lat' dir='ltr'><strong>et</strong></span> <span class='ocrx_word' id='word_1_174' title='bbox 677 2905 768 2956; x_wconf 77' lang='lat' dir='ltr'><strong>Frena.</strong></span> <span class='ocrx_word' id='word_1_175' title='bbox 801 2907 939 2959; x_wconf 74' lang='lat' dir='ltr'><strong>Mnestheus</strong></span> <span class='ocrx_word' id='word_1_176' title='bbox 959 2909 1073 2960; x_wconf 84' lang='lat' dir='ltr'><strong>Gronov.</strong></span> <span class='ocrx_word' id='word_1_177' title='bbox 1091 2917 1120 2960; x_wconf 86' lang='lat' dir='ltr'><strong>et</strong></span> <span class='ocrx_word' id='word_1_178' title='bbox 1132 2911 1271 2976; x_wconf 59' lang='lat' dir='ltr'><strong>ruine-2</strong></span> <span class='ocrx_word' id='word_1_179' title='bbox 1290 2913 1374 2964; x_wconf 80' lang='lat' dir='ltr'><strong>Cbiffi.</strong></span> 
     </span>
     <span class='ocr_line' id='line_1_25' title="bbox 278 2967 1375 3028; baseline 0.014 -15"><span class='ocrx_word' id='word_1_180' title='bbox 278 2967 455 3019; x_wconf 56' lang='lat' dir='ltr'><strong>sceleratae!</strong></span> <span class='ocrx_word' id='word_1_181' title='bbox 472 2969 515 3019; x_wconf 81' lang='lat' dir='ltr'><strong>lte</strong></span> <span class='ocrx_word' id='word_1_182' title='bbox 526 2971 602 3020; x_wconf 85' lang='lat' dir='ltr'><strong>codd.</strong></span> <span class='ocrx_word' id='word_1_183' title='bbox 615 2971 741 3020; x_wconf 77' lang='lat' dir='ltr'><strong>lietduini</strong></span> <span class='ocrx_word' id='word_1_184' title='bbox 753 2977 780 3020; x_wconf 83' lang='lat' dir='ltr'><strong>et</strong></span> <span class='ocrx_word' id='word_1_185' title='bbox 792 2969 877 3022; x_wconf 87' lang='lat' dir='ltr'><strong>Cbitii.</strong></span> <span class='ocrx_word' id='word_1_186' title='bbox 893 2987 950 3023; x_wconf 87' lang='lat' dir='ltr'><strong>coru</strong></span> <span class='ocrx_word' id='word_1_187' title='bbox 968 2974 1029 3024; x_wconf 86' lang='lat' dir='ltr'><strong>edd.</strong></span> <span class='ocrx_word' id='word_1_188' title='bbox 1047 2975 1175 3024; x_wconf 85' lang='lat' dir='ltr'><strong>Herdoin.</strong></span> <span class='ocrx_word' id='word_1_189' title='bbox 1190 2979 1211 3024; x_wconf 87' lang='lat' dir='ltr'><strong>t.</strong></span> <span class='ocrx_word' id='word_1_190' title='bbox 1223 2980 1247 3025; x_wconf 81' lang='lat'><strong>2.</strong></span> <span class='ocrx_word' id='word_1_191' title='bbox 1259 2981 1285 3028; x_wconf 75' lang='lat' dir='ltr'><strong>t.</strong></span> <span class='ocrx_word' id='word_1_192' title='bbox 1296 2987 1323 3028; x_wconf 86' lang='lat' dir='ltr'><strong>et</strong></span> <span class='ocrx_word' id='word_1_193' title='bbox 1336 2995 1375 3027; x_wconf 85' lang='lat' dir='ltr'><strong>re·</strong></span> 
     </span>
     <span class='ocr_line' id='line_1_26' title="bbox 278 3033 1376 3098; baseline 0.013 -20"><span class='ocrx_word' id='word_1_194' title='bbox 278 3037 361 3081; x_wconf 76' lang='lat' dir='ltr'><strong>cenat.</strong></span> <span class='ocrx_word' id='word_1_195' title='bbox 395 3033 504 3096; x_wconf 78' lang='lat' dir='ltr'><strong>Namque</strong></span> <span class='ocrx_word' id='word_1_196' title='bbox 513 3041 627 3098; x_wconf 75' lang='lat' dir='ltr'><strong>opposta</strong></span> <span class='ocrx_word' id='word_1_197' title='bbox 638 3035 753 3085; x_wconf 82' lang='lat' dir='ltr'><strong>Gronov.</strong></span> <span class='ocrx_word' id='word_1_198' title='bbox 772 3041 799 3083; x_wconf 84' lang='lat' dir='ltr'><strong>et</strong></span> <span class='ocrx_word' id='word_1_199' title='bbox 818 3035 952 3098; x_wconf 52' lang='lat' dir='ltr'><strong>vulga—⁴</strong></span> <span class='ocrx_word' id='word_1_200' title='bbox 970 3036 1012 3087; x_wconf 78' lang='lat' dir='ltr'><strong>lta</strong></span> <span class='ocrx_word' id='word_1_201' title='bbox 1031 3051 1065 3086; x_wconf 85' lang='lat' dir='ltr'><strong>ex</strong></span> <span class='ocrx_word' id='word_1_202' title='bbox 1083 3037 1161 3088; x_wconf 87' lang='lat' dir='ltr'><strong>codd.</strong></span> <span class='ocrx_word' id='word_1_203' title='bbox 1179 3039 1330 3090; x_wconf 75' lang='lat' dir='ltr'><strong>lietduinus</strong></span> <span class='ocrx_word' id='word_1_204' title='bbox 1349 3051 1376 3092; x_wconf 84' lang='lat' dir='ltr'><strong>et</strong></span> 
     </span>
     <span class='ocr_line' id='line_1_27' title="bbox 252 3097 1376 3164; baseline 0.011 -23"><span class='ocrx_word' id='word_1_205' title='bbox 252 3114 256 3124; x_wconf 93' lang='lat'>·</span> <span class='ocrx_word' id='word_1_206' title='bbox 278 3101 389 3144; x_wconf 82' lang='lat' dir='ltr'><strong>recentt.</strong></span> <span class='ocrx_word' id='word_1_207' title='bbox 414 3097 484 3146; x_wconf 72' lang='lat' dir='ltr'><strong>abaco</strong></span> <span class='ocrx_word' id='word_1_208' title='bbox 500 3098 591 3146; x_wconf 78' lang='lat' dir='ltr'><strong>Antoni</strong></span> <span class='ocrx_word' id='word_1_209' title='bbox 611 3099 726 3147; x_wconf 82' lang='lat' dir='ltr'><strong>Gronov.</strong></span> <span class='ocrx_word' id='word_1_210' title='bbox 744 3108 771 3147; x_wconf 84' lang='lat' dir='ltr'><strong>et</strong></span> <span class='ocrx_word' id='word_1_211' title='bbox 792 3098 926 3160; x_wconf 49' lang='lat' dir='ltr'><strong>vulga—b</strong></span> <span class='ocrx_word' id='word_1_212' title='bbox 944 3101 1008 3150; x_wconf 89' lang='lat' dir='ltr'><strong>Cod.</strong></span> <span class='ocrx_word' id='word_1_213' title='bbox 1030 3102 1122 3152; x_wconf 82' lang='lat' dir='ltr'><strong>Dalec.</strong></span> <span class='ocrx_word' id='word_1_214' title='bbox 1148 3103 1200 3150; x_wconf 82' lang='lat' dir='ltr'><strong>ideo</strong></span> <span class='ocrx_word' id='word_1_215' title='bbox 1219 3105 1297 3164; x_wconf 72' lang='lat' dir='ltr'><strong>nilei3</strong></span> <span class='ocrx_word' id='word_1_216' title='bbox 1314 3107 1376 3155; x_wconf 81' lang='lat' dir='ltr'><strong>Vct.</strong></span> 
     </span>
     <span class='ocr_line' id='line_1_28' title="bbox 278 3159 1376 3224; baseline 0.01 -18"><span class='ocrx_word' id='word_1_217' title='bbox 278 3159 368 3206; x_wconf 71' lang='lat' dir='ltr'><strong>narse.</strong></span> <span class='ocrx_word' id='word_1_218' title='bbox 385 3160 420 3207; x_wconf 76' lang='lat' dir='ltr'><strong>At</strong></span> <span class='ocrx_word' id='word_1_219' title='bbox 428 3161 495 3214; x_wconf 64' lang='lat' dir='ltr'><strong>emti,</strong></span> <span class='ocrx_word' id='word_1_220' title='bbox 503 3161 526 3208; x_wconf 78' lang='lat' dir='ltr'><strong>st</strong></span> <span class='ocrx_word' id='word_1_221' title='bbox 534 3162 621 3221; x_wconf 66' lang='lat' dir='ltr'><strong>persta</strong></span> <span class='ocrx_word' id='word_1_222' title='bbox 631 3161 681 3210; x_wconf 78' lang='lat' dir='ltr'><strong>rinc</strong></span> <span class='ocrx_word' id='word_1_223' title='bbox 691 3167 715 3210; x_wconf 76' lang='lat' dir='ltr'><strong>te</strong></span> <span class='ocrx_word' id='word_1_224' title='bbox 723 3163 933 3224; x_wconf 67' lang='lat' dir='ltr'><strong>oteeraoceidesdi</strong></span> <span class='ocrx_word' id='word_1_225' title='bbox 943 3165 1006 3213; x_wconf 70' lang='lat' dir='ltr'><strong>reeb</strong></span> <span class='ocrx_word' id='word_1_226' title='bbox 1017 3166 1092 3214; x_wconf 77' lang='lat' dir='ltr'><strong>adest.</strong></span> <span class='ocrx_word' id='word_1_227' title='bbox 1116 3165 1181 3214; x_wconf 86' lang='lat' dir='ltr'><strong>Cod.</strong></span> <span class='ocrx_word' id='word_1_228' title='bbox 1191 3167 1285 3216; x_wconf 81' lang='lat' dir='ltr'><strong>Delec.</strong></span> <span class='ocrx_word' id='word_1_229' title='bbox 1312 3173 1376 3218; x_wconf 77' lang='lat' dir='ltr'><strong>ratic</strong></span> 
     </span>
    </p>
   </div>
   <div class='ocr_carea' id='block_1_8' title="bbox 277 3219 1451 3291">
    <p class='ocr_par' dir='ltr' id='par_1_9' title="bbox 277 3219 1451 3291">
     <span class='ocr_line' id='line_1_29' title="bbox 277 3219 1451 3291; baseline 0.013 -23"><span class='ocrx_word' id='word_1_230' title='bbox 277 3221 356 3270; x_wconf 76' lang='lat' dir='ltr'><strong>adest.</strong></span> <span class='ocrx_word' id='word_1_231' title='bbox 390 3219 555 3271; x_wconf 76' lang='lat' dir='ltr'><strong>isdedsctsm</strong></span> <span class='ocrx_word' id='word_1_232' title='bbox 569 3223 733 3274; x_wconf 66' lang='lat' dir='ltr'><strong>inmodica</strong></span> <span class='ocrx_word' id='word_1_233' title='bbox 744 3225 914 3286; x_wconf 61' lang='grc' dir='ltr'><strong>δι’ὸενοὲιιὶι,</strong></span> <span class='ocrx_word' id='word_1_234' title='bbox 929 3227 993 3276; x_wconf 82' lang='lat' dir='ltr'><strong>illies</strong></span> <span class='ocrx_word' id='word_1_235' title='bbox 1004 3230 1160 3291; x_wconf 61' lang='grc' dir='ltr'><strong>κρίνασα.</strong></span> <span class='ocrx_word' id='word_1_236' title='bbox 1177 3229 1296 3282; x_wconf 78' lang='lat' dir='ltr'><strong>Tnmeb.</strong></span> <span class='ocrx_word' id='word_1_237' title='bbox 1313 3235 1376 3282; x_wconf 77' lang='lat' dir='ltr'><strong>rotis</strong></span> <span class='ocrx_word' id='word_1_238' title='bbox 1447 3272 1451 3284; x_wconf 90' lang='lat'>.</span> 
     </span>
    </p>
   </div>
   <div class='ocr_carea' id='block_1_9' title="bbox 276 3283 1376 3544">
    <p class='ocr_par' dir='ltr' id='par_1_10' title="bbox 276 3283 1376 3544">
     <span class='ocr_line' id='line_1_30' title="bbox 276 3283 1376 3356; baseline 0.015 -25"><span class='ocrx_word' id='word_1_239' title='bbox 276 3285 349 3332; x_wconf 70' lang='lat' dir='ltr'><strong>deest</strong></span> <span class='ocrx_word' id='word_1_240' title='bbox 384 3283 443 3335; x_wconf 77' lang='lat' dir='ltr'><strong>lude</strong></span> <span class='ocrx_word' id='word_1_241' title='bbox 452 3287 557 3335; x_wconf 70' lang='lat' dir='ltr'><strong>eductam</strong></span> <span class='ocrx_word' id='word_1_242' title='bbox 567 3289 704 3344; x_wconf 71' lang='lat' dir='ltr'><strong>maedan,</strong></span> <span class='ocrx_word' id='word_1_243' title='bbox 715 3289 755 3351; x_wconf 66' lang='lat' dir='ltr'><strong>irc.</strong></span> <span class='ocrx_word' id='word_1_244' title='bbox 782 3287 866 3337; x_wconf 79' lang='lat' dir='ltr'><strong>chiffl.</strong></span> <span class='ocrx_word' id='word_1_245' title='bbox 882 3289 1008 3340; x_wconf 64' lang='grc' dir='ltr'><strong>Μυσίαι</strong></span> <span class='ocrx_word' id='word_1_246' title='bbox 1018 3293 1156 3354; x_wconf 61' lang='lat' dir='ltr'><strong>aaudiat,</strong></span> <span class='ocrx_word' id='word_1_247' title='bbox 1165 3296 1205 3356; x_wconf 66' lang='lat' dir='ltr'><strong>dfe.</strong></span> <span class='ocrx_word' id='word_1_248' title='bbox 1217 3295 1376 3356; x_wconf 63' lang='lat' dir='ltr'><strong>expirantem</strong></span> 
     </span>
     <span class='ocr_line' id='line_1_31' title="bbox 277 3345 1376 3423; baseline 0.013 -28"><span class='ocrx_word' id='word_1_249' title='bbox 277 3345 434 3398; x_wconf 71' lang='lat' dir='ltr'><strong>Graecast</strong></span> <span class='ocrx_word' id='word_1_250' title='bbox 451 3351 484 3400; x_wconf 86' lang='lat' dir='ltr'><strong>al.</strong></span> <span class='ocrx_word' id='word_1_251' title='bbox 505 3359 564 3400; x_wconf 82' lang='lat' dir='ltr'><strong>ante</strong></span> <span class='ocrx_word' id='word_1_252' title='bbox 582 3351 792 3402; x_wconf 68' lang='lat' dir='ltr'><strong>natumnatum</strong></span> <span class='ocrx_word' id='word_1_253' title='bbox 809 3354 964 3414; x_wconf 65' lang='lat' dir='ltr'><strong>empireum,-</strong></span> <span class='ocrx_word' id='word_1_254' title='bbox 980 3357 1055 3404; x_wconf 89' lang='lat' dir='ltr'><strong>codd.</strong></span> <span class='ocrx_word' id='word_1_255' title='bbox 1076 3355 1213 3418; x_wconf 78' lang='lat' dir='ltr'><strong>lietduini,</strong></span> <span class='ocrx_word' id='word_1_256' title='bbox 1229 3359 1294 3408; x_wconf 81' lang='lat' dir='ltr'><strong>illico</strong></span> <span class='ocrx_word' id='word_1_257' title='bbox 1311 3363 1376 3423; x_wconf 78' lang='lat' dir='ltr'><strong>eapi-</strong></span> 
     </span>
     <span class='ocr_line' id='line_1_32' title="bbox 276 3412 1376 3486; baseline 0.016 -28"><span class='ocrx_word' id='word_1_258' title='bbox 276 3412 866 3466; x_wconf 70' lang='lat' dir='ltr'><strong>rentem-elaHardutn.1.a.s.etrecemr.</strong></span> <span class='ocrx_word' id='word_1_259' title='bbox 890 3420 1033 3480; x_wconf 64' lang='lat' dir='ltr'><strong>amuletis</strong></span> <span class='ocrx_word' id='word_1_260' title='bbox 1042 3417 1128 3471; x_wconf 86' lang='lat' dir='ltr'><strong>cbitil.</strong></span> <span class='ocrx_word' id='word_1_261' title='bbox 1146 3425 1376 3486; x_wconf 74' lang='lat' dir='ltr'><strong>extramprodictos</strong></span> 
     </span>
     <span class='ocr_line' id='line_1_33' title="bbox 278 3473 920 3544; baseline 0.005 -20"><span class='ocrx_word' id='word_1_262' title='bbox 278 3473 394 3525; x_wconf 78' lang='lat' dir='ltr'><strong>Gronov.</strong></span> <span class='ocrx_word' id='word_1_263' title='bbox 405 3482 434 3527; x_wconf 90' lang='lat' dir='ltr'><strong>et</strong></span> <span class='ocrx_word' id='word_1_264' title='bbox 442 3479 575 3542; x_wconf 57' lang='lat' dir='ltr'><strong>roim—t</strong></span> <span class='ocrx_word' id='word_1_265' title='bbox 592 3479 657 3529; x_wconf 86' lang='lat' dir='ltr'><strong>Cod.</strong></span> <span class='ocrx_word' id='word_1_266' title='bbox 668 3479 759 3530; x_wconf 78' lang='lat' dir='ltr'><strong>Delec-</strong></span> <span class='ocrx_word' id='word_1_267' title='bbox 774 3484 920 3544; x_wconf 71' lang='lat' dir='ltr'><strong>munemne.</strong></span> 
     </span>
    </p>
   </div>
   <div class='ocr_carea' id='block_1_10' title="bbox 768 3643 877 3694">
    <p class='ocr_par' dir='ltr' id='par_1_11' title="bbox 768 3643 877 3694">
     <span class='ocr_line' id='line_1_34' title="bbox 768 3643 877 3694; baseline -0.018 0"><span class='ocrx_word' id='word_1_268' title='bbox 768 3643 877 3694; x_wconf 79' lang='lat' dir='ltr'>NOTAE</span> 
     </span>
    </p>
   </div>
   <div class='ocr_carea' id='block_1_11' title="bbox 308 3733 1373 3886">
    <p class='ocr_par' dir='ltr' id='par_1_12' title="bbox 308 3733 1373 3886">
     <span class='ocr_line' id='line_1_35' title="bbox 309 3733 1373 3807; baseline 0.011 -24"><span class='ocrx_word' id='word_1_269' title='bbox 309 3741 327 3766; x_wconf 85' lang='lat'><strong>¹¹</strong></span> <span class='ocrx_word' id='word_1_270' title='bbox 342 3733 408 3784; x_wconf 77' lang='lat' dir='ltr'><strong>Adeo</strong></span> <span class='ocrx_word' id='word_1_271' title='bbox 417 3735 488 3798; x_wconf 70' lang='lat' dir='ltr'><strong>nlla]</strong></span> <span class='ocrx_word' id='word_1_272' title='bbox 508 3735 641 3801; x_wconf 61' lang='grc' dir='ltr'><strong>Πριηνεῖς.</strong></span> <span class='ocrx_word' id='word_1_273' title='bbox 844 3754 949 3792; x_wconf 71' lang='lat' dir='ltr'><strong>amram</strong></span> <span class='ocrx_word' id='word_1_274' title='bbox 969 3747 1059 3791; x_wconf 79' lang='lat' dir='ltr'><strong>court:</strong></span> <span class='ocrx_word' id='word_1_275' title='bbox 1079 3742 1255 3807; x_wconf 81' lang='lat' dir='ltr'><strong>nonquodde</strong></span> <span class='ocrx_word' id='word_1_276' title='bbox 1267 3743 1373 3795; x_wconf 79' lang='lat' dir='ltr'><strong>lloribar</strong></span> 
     </span>
     <span class='ocr_line' id='line_1_36' title="bbox 308 3809 1372 3886; baseline 0.014 -28"><span class='ocrx_word' id='word_1_277' title='bbox 308 3809 397 3860; x_wconf 75' lang='lat' dir='ltr'><strong>=1me</strong></span> <span class='ocrx_word' id='word_1_278' title='bbox 415 3812 535 3875; x_wconf 66' lang='lat' dir='ltr'><strong>odedum]</strong></span> <span class='ocrx_word' id='word_1_279' title='bbox 559 3816 641 3865; x_wconf 83' lang='lat' dir='ltr'><strong>Reum</strong></span> <span class='ocrx_word' id='word_1_280' title='bbox 662 3829 738 3866; x_wconf 87' lang='lat' dir='ltr'><strong>onom</strong></span> <span class='ocrx_word' id='word_1_281' title='bbox 757 3815 803 3865; x_wconf 85' lang='lat' dir='ltr'><strong>ali·</strong></span> <span class='ocrx_word' id='word_1_282' title='bbox 841 3814 971 3866; x_wconf 81' lang='lat' dir='ltr'><strong>hortorum</strong></span> <span class='ocrx_word' id='word_1_283' title='bbox 980 3816 1005 3864; x_wconf 87' lang='lat' dir='ltr'><strong>bl</strong></span> <span class='ocrx_word' id='word_1_284' title='bbox 1014 3816 1072 3865; x_wconf 85' lang='lat' dir='ltr'><strong>libri</strong></span> <span class='ocrx_word' id='word_1_285' title='bbox 1084 3825 1240 3882; x_wconf 79' lang='lat' dir='ltr'><strong>tractarent,</strong></span> <span class='ocrx_word' id='word_1_286' title='bbox 1250 3822 1372 3886; x_wconf 81' lang='lat' dir='ltr'><strong>scdqnod</strong></span> 
     </span>
    </p>
   </div>
   <div class='ocr_carea' id='block_1_12' title="bbox 278 3889 1487 3962">
    <p class='ocr_par' dir='ltr' id='par_1_13' title="bbox 278 3889 1487 3962">
     <span class='ocr_line' id='line_1_37' title="bbox 278 3889 1487 3962; baseline 0.008 -28"><span class='ocrx_word' id='word_1_287' title='bbox 278 3900 363 3950; x_wconf 82' lang='lat' dir='ltr'><strong>quem.</strong></span> <span class='ocrx_word' id='word_1_288' title='bbox 841 3893 1025 3942; x_wconf 81' lang='lat' dir='ltr'><strong>sententiarum</strong></span> <span class='ocrx_word' id='word_1_289' title='bbox 1037 3889 1116 3942; x_wconf 79' lang='lat' dir='ltr'><strong>fleres</strong></span> <span class='ocrx_word' id='word_1_290' title='bbox 1128 3907 1160 3942; x_wconf 80' lang='lat' dir='ltr'><strong>ex</strong></span> <span class='ocrx_word' id='word_1_291' title='bbox 1171 3895 1251 3946; x_wconf 77' lang='lat' dir='ltr'><strong>variis</strong></span> <span class='ocrx_word' id='word_1_292' title='bbox 1262 3898 1371 3962; x_wconf 82' lang='lat' dir='ltr'><strong>scripte·</strong></span> <span class='ocrx_word' id='word_1_293' title='bbox 1486 3941 1487 3944; x_wconf 76' lang='grc'>,</span> 
     </span>
    </p>
   </div>
   <div class='ocr_carea' id='block_1_13' title="bbox 277 3961 1370 4250">
    <p class='ocr_par' dir='ltr' id='par_1_14' title="bbox 308 3961 1231 4026">
     <span class='ocr_line' id='line_1_38' title="bbox 308 3961 1231 4026; baseline 0.011 -17"><span class='ocrx_word' id='word_1_294' title='bbox 308 3961 801 4026; x_wconf 61' lang='lat' dir='ltr'><strong>‘’Ttrmrastadblsximeilirtffllant.</strong></span> <span class='ocrx_word' id='word_1_295' title='bbox 842 3965 1231 4018; x_wconf 81' lang='lat' dir='ltr'><strong>ribescollectoscominereut.</strong></span> 
     </span>
    </p>

    <p class='ocr_par' dir='ltr' id='par_1_15' title="bbox 277 4040 1370 4183">
     <span class='ocr_line' id='line_1_39' title="bbox 277 4040 1370 4111; baseline 0.012 -28"><span class='ocrx_word' id='word_1_296' title='bbox 277 4047 315 4084; x_wconf 83' lang='lat' dir='ltr'><strong>rr.</strong></span> <span class='ocrx_word' id='word_1_297' title='bbox 327 4040 351 4084; x_wconf 82' lang='lat' dir='ltr'><strong>o.</strong></span> <span class='ocrx_word' id='word_1_298' title='bbox 362 4043 390 4084; x_wconf 83' lang='lat' dir='ltr'><strong>et</strong></span> <span class='ocrx_word' id='word_1_299' title='bbox 401 4040 426 4088; x_wconf 78' lang='grc'><strong>7.</strong></span> <span class='ocrx_word' id='word_1_300' title='bbox 873 4050 886 4085; x_wconf 71' lang='lat' dir='ltr'><strong>a</strong></span> <span class='ocrx_word' id='word_1_301' title='bbox 903 4042 934 4091; x_wconf 80' lang='lat' dir='ltr'><strong>la</strong></span> <span class='ocrx_word' id='word_1_302' title='bbox 944 4041 1001 4091; x_wconf 78' lang='lat' dir='ltr'><strong>rabo</strong></span> <span class='ocrx_word' id='word_1_303' title='bbox 1011 4043 1111 4107; x_wconf 74' lang='lat' dir='ltr'><strong>quoqu]</strong></span> <span class='ocrx_word' id='word_1_304' title='bbox 1130 4043 1164 4094; x_wconf 85' lang='lat' dir='ltr'><strong>ln</strong></span> <span class='ocrx_word' id='word_1_305' title='bbox 1174 4046 1328 4111; x_wconf 64' lang='lat' dir='ltr'><strong>mosmale,</strong></span> <span class='ocrx_word' id='word_1_306' title='bbox 1337 4047 1370 4096; x_wconf 82' lang='lat' dir='ltr'><strong>de</strong></span> 
     </span>
     <span class='ocr_line' id='line_1_40' title="bbox 309 4111 1015 4183; baseline 0.01 -23"><span class='ocrx_word' id='word_1_307' title='bbox 309 4117 322 4150; x_wconf 74' lang='grc' dir='ltr'><strong>Ρ</strong></span> <span class='ocrx_word' id='word_1_308' title='bbox 337 4111 523 4174; x_wconf 61' lang='lat' dir='ltr'><strong>sustulerim]</strong></span> <span class='ocrx_word' id='word_1_309' title='bbox 546 4112 727 4176; x_wconf 68' lang='grc' dir='ltr'>Ἀνθοληιηῦν.</span> <span class='ocrx_word' id='word_1_310' title='bbox 742 4117 802 4166; x_wconf 80' lang='lat' dir='ltr'><strong>Vox</strong></span> <span class='ocrx_word' id='word_1_311' title='bbox 842 4131 893 4183; x_wconf 85' lang='lat' dir='ltr'><strong>qao</strong></span> <span class='ocrx_word' id='word_1_312' title='bbox 904 4132 962 4170; x_wconf 81' lang='lat' dir='ltr'><strong>xrr.</strong></span> <span class='ocrx_word' id='word_1_313' title='bbox 974 4122 1015 4168; x_wconf 77' lang='lat' dir='ltr'><strong>ll.</strong></span> 
     </span>
    </p>

    <p class='ocr_par' dir='ltr' id='par_1_16' title="bbox 277 4183 802 4250">
     <span class='ocr_line' id='line_1_41' title="bbox 277 4183 802 4250; baseline 0.019 -19"><span class='ocrx_word' id='word_1_314' title='bbox 277 4193 308 4232; x_wconf 80' lang='lat' dir='ltr'><strong>aa</strong></span> <span class='ocrx_word' id='word_1_315' title='bbox 322 4183 479 4250; x_wconf 52' lang='lat' dir='ltr'><strong>amintam,</strong></span> <span class='ocrx_word' id='word_1_316' title='bbox 496 4200 542 4237; x_wconf 79' lang='lat' dir='ltr'><strong>ren</strong></span> <span class='ocrx_word' id='word_1_317' title='bbox 560 4186 653 4240; x_wconf 77' lang='lat' dir='ltr'><strong>librum</strong></span> <span class='ocrx_word' id='word_1_318' title='bbox 673 4191 802 4241; x_wconf 74' lang='lat' dir='ltr'><strong>collecta·</strong></span> 
     </span>
    </p>
   </div>
   <div class='ocr_carea' id='block_1_14' title="bbox 0 0 1500 4866">
    <p class='ocr_par' dir='ltr' id='par_1_17' title="bbox 0 0 1500 4866">
     <span class='ocr_line' id='line_1_42' title="bbox 0 0 1500 4866; baseline 0 4"><span class='ocrx_word' id='word_1_319' title='bbox 0 0 1500 4866; x_wconf 95' lang='lat' dir='ltr'><strong> </strong></span> 
     </span>
    </p>
   </div>
  </div>
 </body>
</html>
