2964 4872
477 407 509 454 r.
530 405 672 456 enrruu
697 407 832 457 suurn.
1115 393 1204 462 3331

119 555 212 616 unios
225 554 410 633 „alteriusque
430 551 610 614 admirandas
623 554 774 616 bonitatis.
814 555 1030 640 cunipertum
1053 554 1209 618 indicibus.

122 651 197 709 -tn
218 650 275 710 hac
297 650 436 722 editione,
451 667 539 727 quem
554 649 665 710 Christ.
681 651 836 738 Daumius,
853 661 966 712 mortuo
981 650 1111 724 Bartbio,
1125 672 1209 713 eura·

120 745 172 816 rit,
187 753 286 804 textus
300 765 338 805 ex
351 744 522 804 recensione
543 745 682 804 Gronovii
697 765 725 806 a.
744 748 831 807 1653.
853 745 1018 825 descriptus
1032 755 1087 806 est.
1129 747 1210 808 Mar·

121 841 206 918 pines
232 839 301 901 Ver.
318 840 398 902 beet.
413 839 553 900 bibente
568 840 644 901 bias.
659 846 716 902 tce.
751 840 811 902 Sed
833 842 950 901 omnino
973 842 1105 921 praelatio
1127 840 1209 903 Dau-

123 937 171 997 nii
185 934 311 1014 legenda
324 946 370 995 est
382 935 420 996 de
429 935 485 996 hoc
500 955 587 1014 opere
600 935 770 996 Berthi'ano.

40 1026 43 1040 '
166 1032 239 1090 1671
258 1030 352 1110 bugd.
365 1032 432 1092 Bat.
444 1033 524 1102 8.ex'
536 1031 613 1090 offic.
626 1030 791 1091 liacltiana.
816 1031 913 1090 Publii
922 1031 1037 1111 Papinii
1048 1031 1133 1092 Statii
1145 1033 1211 1114 Syl·

123 1143 224 1185 rarnm
238 1125 290 1187 lib.
306 1145 339 1187 r.
374 1123 540 1186 Thebaidos
553 1126 605 1187 lib.
623 1145 688 1187 κη.
730 1126 912 1188 Achilleidos
934 1127 985 1186 lib.
1001 1146 1042 1187 11.
1065 1129 1143 1188 notis
1165 1147 1212 1190 se-

122 1218 291 1281 lectissimis
303 1222 332 1279 in
348 1221 501 1301 Sylvarnm
512 1222 601 1282 libros
611 1223 743 1294 Domitii,
759 1223 887 1295 Motelli,
901 1223 1210 1299 Bernartii,-Gerartii,
1314 1201 1322 1216 ⁰
1341 1293 1346 1302 .

122 1315 243 1387 Crucei,
257 1317 378 1388 Barthii,
397 1316 447 1378 Jo.
462 1316 541 1377 Frid.
557 1317 698 1377 Gronovii
712 1318 856 1378 Diatribe.
898 1317 931 1376 ln
951 1317 1121 1378 Thebaidos
1135 1340 1211 1399 proe-
1295 1375 1300 1386 ,

124 1419 205 1470 terea
227 1411 341 1472 Placidi
356 1411 509 1485 Lactantii‚
529 1413 752 1485 Bernartii,'&c.
795 1413 955 1481 Quibusin
969 1412 1149 1475 Achilleidos
1165 1435 1213 1476 ac·

125 1504 238 1564 cedunt
251 1505 435 1579 Matursntii,
450 1504 621 1566 Britannici.
653 1507 880 1567 Accumtissime
895 1507 1032 1568 illustrati
1048 1510 1213 1570 aJohenue

125 1599 314 1662 Veenhusen.

163 1727 206 1742 --
225 1697 322 1756 Amat.
337 1697 384 1757 16.
398 1698 540 1758 Janason.
556 1697 679 1759 Eberir.

167 1793 247 1852 1635
267 1791 362 1853 Paris.
380 1795 411 1853 4.
437 1793 508 1852 voll.
522 1813 562 1852 11.
576 1812 625 1872 ap.
641 1793 674 1854 L.
694 1791 854 1854 Ronlland.
879 1794 914 1856 P.
937 1795 973 1856 P.
1002 1793 1087 1856 Statii
1106 1812 1213 1873 operar

125 1885 366 1965 interpretatione
380 1896 410 1948 et
423 1889 502 1952 notis
519 1888 675 1954 ,illustrata
700 1907 718 1948 a
742 1888 790 1949 Cl.
816 1889 952 1961 Beraldo,
966 1889 1005 1949 ad
1033 1907 1118 1948 usam
1147 1889 1211 1951 Ser.

127 1980 236 2062 Delph.
269 1981 340 2041 Vid.
354 1982 421 2043 Cat.
437 1982 474 2042 de
487 1983 517 2041 la
531 1983 605 2043 bibl.
619 1983 658 2042 dn
673 1983 740 2043 Roi.
754 1983 830 2044 Bell.
848 1984 936 2044 Lettr.
950 1984 1004 2044 To.
1021 2003 1043 2044 r.
1060 2002 1128 2064 pag.
1145 1986 1214 2045 32³.
1340 2012 1345 2022 =

128 2077 203 2139 lloec
217 2077 348 2137 omnium
362 2077 390 2136 in
406 2097 492 2137 nsum
507 2077 646 2157 Delphini
661 2076 820 2138 editionum
837 2078 923 2138 obvia
937 2080 1093 2140 rarissime.

169 2174 247 2232 1713
268 2172 362 2232 Lond.
385 2173 437 2233 fol.
460 2172 489 2231 in
512 2174 648 2251 operibus
668 2182 699 2232 et
720 2173 891 2252 fragmentis
910 2182 1039 2232 veterum
1063 2175 1216 2252 poiitamm

129 2268 307 2328 Latinorum.
320 2267 376 2328 To.
391 2285 431 2327 ιι.
445 2286 515 2346 pag.
533 2267 741 2327 1015-1107.

169 2364 247 2423 1738
269 2361 363 2424 Lond.
378 2365 409 2422 4.
422 2381 459 2423 ex
472 2372 588 2442 typogr.
600 2362 650 2422 Ὀ.
666 2361 798 2442 Bonyer.
813 2359 849 2423 P.
864 2362 938 2441 Pap.
953 2363 1044 2423 Statii·
1062 2362 1216 2443 Sylvarum

128 2457 193 2518 libri
205 2458 346 2537 quinque.
387 2458 432 2516 Ea
444 2459 568 2517 vetustis
581 2456 797 2536 exemplaribus
811 2457 959 2517 recensuit
975 2469 1004 2519 et
1028 2469 1113 2518 notas
1128 2469 1216 2537 atque

132 2552 353 2614 emendationes
368 2552 476 2631 adjecit
487 2553 550 2614 Jer.
566 2552 771 2614 Marklandus.

171 2650 245 2708 1731
269 2658 301 2708 et
315 2650 392 2706 1732
406 2647 571 2708 Metione.
609 2647 644 2708 P.
660 2647 734 2727 Pap.
758 2647 845 2706 Statii
867 2665 968 2727 opera,
991 2666 1059 2707 cum
1083 2647 1217 2708 versione
1292 2727 1293 2730 Ἴ

130 2743 244 2814 italica,
258 2742 287 2802 in
303 2744 392 2822 Gorp.
407 2742 537 2803 omnium
552 2743 707 2802 Poiitarnm
724 2742 817 2803 Latin.
829 2743 883 2803 To.
899 2761 1014 2802 1.-rv.

172 2841 251 2898 ttat
272 2837 442 2910 Manbemii‚
457 2840 486 2899 3.
503 2835 573 2897 roll.
589 2857 629 2898 11.
654 2838 689 2899 P.
705 2838 780 2917 Pap.
795 2838 882 2896 Statii
890 2857 978 2916 opera
996 2856 1033 2896 ex
1046 2834 1219 2898 recensione

130 2934 179 2995 Jo.
195 2932 334 2992 Priderici
347 2931 499 3007 (honorii,
512 2951 582 2992 oure
595 2945 626 2994 et
639 2933 783 2992 sumtibus
798 2932 955 2992 Societatis
970 2931 1103 2993 literatae.

171 3111 218 3170 Ex
237 3110 304 3170 Jos.
328 3110 469 3188 Scaligeri
493 3110 626 3191 Epistola
640 3113 709 3172 374.
734 3122 866 3192 apparet,
886 3131 953 3173 eum
977 3131 1095 3192 quoque
1118 3123 1149 3173 et
1169 3112 1218 3174 Jo.

130 3205 308 3265 Wowerium
341 3205 453 3284 junctis
486 3206 582 3284 operis
618 3225 722 3266 noram
752 3207 847 3281 Statii,
876 3217 1062 3284 veterumque
1089 3207 1118 3264 in
1152 3225 1218 3266 eum

127 3299 327 3372 scholiorum,
342 3299 502 3360 editionem
522 3301 650 3362 molitos.
694 3305 735 3362 tt
755 3302 832 3360 enim
853 3321 952 3360 eorum
973 3311 1097 3360 conatus
1116 3301 1220 3381 vulga·

129 3409 165 3456 to
191 3395 311 3455 Parisiis
340 3395 557 3474 Lindenbrogii‚
577 3395 676 3456 oemuli
704 3395 891 3467 wormiam,
913 3395 1007 3456 Statio
1033 3396 1220 3456 sufflaminati

126 3489 279 3552 sidentur.
320 3489 435 3570 Lipsius
461 3509 579 3570 quoque
608 3490 638 3548 in
668 3489 804 3567 Epistola
839 3490 877 3550 ed
910 3491 1023 3555 Jenum¹
1050 3491 1219 3550 Larnutium

125 3597 258 3648 testatus
273 3597 328 3658 est,
349 3587 404 3646 sibi
423 3597 493 3646 nota
510 3585 647 3664 quaedam
660 3585 751 3645 luisse
775 3585 819 3644 ad'
830 3585 983 3646 sublimem
995 3584 1076 3645 hunc
1091 3586 1219 3664 politam.

129 3682 235 3744 Multa
251 3683 338 3741 etiam
352 3681 439 3742 Statii
452 3681 518 3741 loca
531 3681 576 3741 vel
591 3681 786 3741 emendantur
798 3682 842 3742 rel
857 3681 1040 3742 illustrantur
1050 3682 1080 3738 in
1095 3681 1220 3740 Obserr.

119 3777 265 3842 ttttseelt.
281 3778 349 3838 Vol.
371 3798 393 3838 1.
409 3797 479 3856 pag.
500 3777 650 3836 53-269.
671 3797 701 3856 p.
721 3778 892 3838 317-363,
908 3795 948 3835 11.
963 3793 994 3853 p.
1012 3760 1142 3835 62484.
1161 3775 1220 3832 217

124 3875 246 3934 -239.
261 3875 430 3935 405-407.
446 3876 508 3953 [rr.
523 3893 553 3952 p.
563 3872 746 3952 aaa-397]
779 3875 890 3934 Auctor
903 3869 1061 3931 Britannus
1081 3888 1114 3929 se
1134 3888 1220 3928 nsum

127 3969 209 4031 dicit
222 3967 338 4028 duobus
350 3969 427 4029 Mas.
933 3985 936 3994 ¹

173 4063 304 4124 Lexicon
315 4073 345 4124 et
352 4063 542 4144 paraphrasin
554 4061 717 4122 statianam
731 4059 886 4121 adornavit
899 4059 1046 4120 Heuticus
1059 4060 1221 4122 Scherius.

121 4158 291 4239 specimen
317 4159 414 4221 Lexici
438 4159 516 4219 illius
538 4159 651 4240 pridem
669 4156 816 4237 produxit,
830 4157 880 4236 qui
894 4155 1029 4218 Scherio
1042 4169 1221 4235 preceptore
