2990 4860
244 359 331 428 2922
612 377 643 426 c·
667 375 791 428 rnrurr
814 377 979 430 sncuuur

245 526 338 586 cetur
349 521 539 586 autumnale
552 521 689 600 imnum,
704 523 797 606 qnod
810 527 934 588 vocant
947 521 1096 588 cordum.
1134 521 1335 588 Interamna

244 621 279 686 in
296 620 435 686 Umbria
448 629 565 706 quater
578 641 666 688 anno
678 631 842 702 secantur,
854 625 954 688 etiam
964 643 1032 689 non
1046 625 1151 705 rigna.
1174 625 1242 688 Ter
1256 643 1337 688 vero

243 722 412 804 plerisque
433 724 467 786 in
491 724 594 788 locis:
615 730 650 788 et
668 730 787 808 postea
806 726 839 788 in
864 724 941 806 ipso
966 725 1114 807 pabulo·
1136 745 1202 790 non
1227 726 1336 788 minus

244 823 455 888 emolumenti
468 831 533 902 est,
549 843 651 907 quam
672 845 694 888 a
716 824 819 890 iceno.
862 825 1095 889 Armeniorum
1122 825 1156 889 id
1179 846 1272 902 cura,
1281 825 1336 907 ju·

243 931 495 1007 mentorumqne
517 927 744 1009 progeneratio
765 945 863 990 sunm
887 927 1007 1008 cuique
1030 928 1207 992 consilium
1229 926 1335 1003 dabit,

245 1025 374 1106 optimo
392 1028 575 1090 maximeve
596 1026 830 1110 quadrigamm
846 1034 993 1110 qnaestu.

287 1141 424 1190 nxvur.
436 1127 624 1192 Solstitinm
633 1127 747 1210 peragi
758 1129 792 1192 in
809 1135 931 1192 cctam
939 1133 1033 1209 parte
1046 1127 1179 1205 Cancri,
1191 1137 1227 1193 et
1236 1136 1334 1193 octa-

243 1247 287 1290 vo
302 1227 481 1293 Kalendas
492 1227 515 1292 J
519 1228 579 1292 ulii
594 1226 763 1292 diximus.¹
799 1228 943 1310 Magnus
958 1226 1012 1292 hic
1027 1230 1104 1293 anni
1114 1231 1228 1308 cardo,
1239 1249 1335 1312 mag·

242 1347 285 1392 na
296 1348 348 1392 res
369 1328 494 1392 mundi.
538 1328 578 1391 ln
593 1328 657 1392 hoc
672 1348 779 1412 nsque
795 1329 950 1393 abruma
966 1329 1039 1394 dies
1055 1322 1243 1408 creverunt,
1269 1351 1333 1395 sex

241 1432 422 1494 mensibus.
466 1427 513 1494 At
535 1429 594 1494 Sol
610 1431 684 1513 ipse
698 1439 707 1470 ¹
731 1417 774 1493 ad
788 1428 992 1512 Aquilonem
1008 1431 1194 1512 scandens,
1211 1452 1252 1496 ac
1274 1453 1334 1515 per

242 1532 347 1596 ardna
357 1534 471 1596 enisus
487 1535 530 1596 ab
545 1551 586 1596 ea
600 1540 690 1596 meta
705 1533 825 1615 incipit
846 1531 949 1608 flecti,
965 1538 1000 1596 et
1023 1533 1160 1613 degredi
1185 1534 1228 1597 ad
1243 1533 1336 1599 Aus-

241 1641 336 1710 trum,
353 1641 510 1701 ancturns
522 1640 636 1698 noctes
649 1633 725 1698 aliis
742 1653 806 1698 sex
820 1634 1001 1710 mensibus,
1016 1635 1250 1717 ablaturusque
1264 1635 1332 1700 diei

240 1753 437 1798 mensuram.
472 1735 526 1798 Ex
539 1734 602 1798 hoo
616 1733 737 1798 deinde
752 1733 903 1818 rapiendi
919 1733 1188 1818 convehendique
1203 1737 1332 1800 fructus

240 1835 324 1900 alios
339 1843 441 1918 atque
455 1836 541 1900 alins
555 1841 700 1918 tempus,
727 1841 761 1900 et
782 1835 993 1919 praeparandi
1016 1855 1053 1900 se
1075 1845 1189 1900 contra
1202 1856 1331 1902 sarram

239 1937 407 2020 seramque
420 1937 590 2019 hyemem:
614 1937 824 2020 decebatque
846 1937 913 2001 hoc
937 1937 1114 2000 discrimen
1130 1937 1330 2004 indubitatis

238 2039 327 2103 nutis
357 2039 507 2120 signasse
544 2045 706 2103 naturam.
765 2035 877 2114 Quam
910 2038 954 2101 ob
990 2057 1056 2100 rern
1089 2057 1147 2102 eas
1174 2039 1330 2102 manibus

238 2141 324 2222 ipsis
346 2141 565 2222 agricolarum
585 2141 734 2222 ingessit,
756 2139 905 2222 vertique
924 2138 1030 2222 jussit
1059 2139 1136 2222 ipsa
1159 2138 1215 2202 die
1235 2139 1330 2218 solia,

238 2248 273 2304 et
295 2259 371 2304 esse
397 2241 574 2306 coniecti⁸
609 2241 728 2304 sideris
758 2241 886 2320 signum
908 2262 932 2308 :¹
952 2258 1015 2303 nec
1045 2239 1256 2323 sylvestrium
1279 2259 1331 2304 ar·

183 2393 203 2412 .
237 2341 353 2406 borum
374 2347 654 2425 remotarumque,
676 2361 716 2406 ne
749 2343 784 2404 in
814 2341 950 2406 saltus·
981 2341 1097 2406 devios
1134 2348 1329 2425 montesque

238 2444 379 2507 eundum
404 2452 494 2507 esset
519 2444 745 2526 quarentibus
762 2443 875 2524 signa:
896 2461 961 2508 non
976 2461 1088 2507 rursus
1115 2445 1329 2519 urbanarum,

237 2551 271 2606 et
284 2547 379 2626 qnae³
401 2545 544 2626 topiario
559 2551 686 2610 tanturn
707 2543 870 2621 coluntur,
895 2563 1085 2627 quanquam
1106 2545 1190 2608 etin
1207 2544 1329 2608 hisilla

692 2707 870 2730 ‘mmo

236 2805 319 2866 duint,
329 2819 387 2854 eum
399 2805 460 2857 edd.
472 2806 600 2859 linrduin.
612 2813 635 2857 1.
646 2811 670 2858 8.
680 2811 703 2857 Ι.
715 2814 744 2858 et
755 2813 866 2858 recenti.
883 2807 1005 2856 comitiam
1014 2805 1080 2856 dclii
1094 2807 1215 2870 ominum,
1226 2807 1328 2858 manium

240 2869 495 2984 Ogisvniirvrilni
517 2934 581 2984 ‘lta
598 2935 674 2984 codd.
697 2937 780 2998 ltegg.
794 2941 822 2985 et
838 2934 926 2984 Editio
949 2934 1086 2996 princepe?
1101 2935 1208 2984 Brntier.
1252 2935 1329 2991 Mon,

232 3011 261 3046 ec
272 3014 305 3074 tp:
325 3015 348 3047 a.
363 2999 448 3049 abac
466 2998 628 3050 Plotium—i
645 2999 758 3048 Pintien.
769 2999 886 3050 excodd.
896 2999 958 3048 utin
969 2995 1098 3050 alim-4
1116 2999 1158 3048 ltu
1169 2997 1247 3048 codd.
1259 2999 1328 3048 llar-

234 3059 306 3112 dnrnr
323 3071 350 3113 et
368 3065 457 3114 Dalec.
476 3077 535 3114 cnm
555 3063 617 3113 edd.
636 3063 764 3114 lietduin.
787 3069 810 3113 l.
826 3068 851 3112 a.
868 3067 892 3112 3.
906 3069 933 3114 et
951 3071 1061 3114 mnentt.
1082 3062 1329 3128 minarumque

726 3209 835 3261 NOTAE

266 3303 385 3365 Πήρη
403 3303 500 3368 plato]
518 3303 757 3358 Columelinrr.it.
800 3307 871 3354 tium.
906 3305 963 3355 Nec
983 3305 1034 3354 aiio
1055 3311 1207 3368 argumento
1229 3303 1326 3354 certim

233 3379 377 3440 ‘Pratum'
399 3381 493 3444 inquit,
522 3381 637 3430 ‘minimi
659 3390 758 3431 rnrntns
798 3379 951 3444 intelligitur
967 3379 1038 3429 sidua
1055 3378 1219 3430 coniectum!
1257 3379 1325 3428 Vide

232 3469 321 3518 egene,
333 3470 380 3520 per
390 3469 565 3505 omnennnoa
575 3457 679 3520 prabet
690 3457 758 3507 redi·
798 3457 877 3506 ettam
896 3456 1035 3505 Varronem
1054 3455 1087 3503 de
1105 3456 1142 3504 lte
1161 3456 1236 3503 liert.
1251 3467 1271 3505 r.
1282 3455 1324 3503 io.

233 3539 304 3580 tum:
323 3544 481 3595 nequeenim
503 3531 662 3593 simplicem:
699 3546 758 3580 enni
799 3531 911 3581 Gellium
934 3543 1043 3595 qnoque,
1069 3542 1109 3578 rx.
1136 3533 1161 3579 7.
1185 3543 1246 3593 pag.
1267 3533 1326 3579 tii.

233 3604 312 3652 etiam
330 3604 356 3651 in
374 3605 467 3667 pabulo
485 3618 536 3654 nnn
553 3606 635 3656 miuus
656 3606 758 3669 reddat,
798 3607 903 3670 ‘Vulgo
914 3612 942 3656 et
953 3605 1093 3669 rcriptnm,'
1109 3606 1202 3669 inquit,
1213 3607 1325 3655 ‘atere-

233 3675 448 3742 qnnminloenc.’
798 3683 881 3732 ditum
904 3689 954 3744 ert,
974 3680 1034 3731 folin
1061 3683 1174 3730 olearum
1203 3681 1323 3732 arborum

264 3751 274 3786 ¹
288 3751 421 3804 witam
431 3784 535 3803 ......
547 3756 662 3820 didani]
687 3755 758 3806 Libri
798 3757 905 3808 brumali
917 3766 944 3808 et
955 3757 1086 3806 solstitiali
1093 3756 1135 3805 dle
1145 3758 1278 3806 converti:
1297 3765 1325 3808 ct

232 3827 307 3890 lrnjur
317 3842 377 3891 cap.
388 3832 429 3876 ⁵9.
799 3848 856 3897 qne
869 3847 927 3896 part
939 3846 1026 3882 eornm
1045 3833 1130 3881 inerat
1150 3831 1268 3894 inferior,
1285 3843 1323 3884 at·

264 3914 277 3949 ⁸
294 3904 503 3968 Etmeeoqsecti]
515 3905 633 3956 Conlecti
644 3907 757 3956 solstitii.
796 3924 847 3975 qne
860 3910 998 3972 occultior,
1013 3923 1068 3957 eam
1084 3921 1163 3970 snpra
1175 3907 1231 3956 fieri
1244 3917 1322 3971 atque

230 3982 274 4031 Sic
297 3995 354 4031 xvt·
374 3985 414 4031 io.
443 3981 563 4031 ‘lilirnru
584 3982 699 4045 inprimit
720 3983 755 4045 id,
797 3986 892 4048 exponi
911 3984 943 4034 ad
955 3985 1049 4042 oculor,
1065 3981 1321 4047 etadSolem,qnod

232 4057 299 4122 quod
311 4059 388 4118 ulmo,
406 4058 528 4123 titioque,
546 4067 575 4108 et
586 4061 660 4123 olere,
671 4067 699 4109 et
712 4073 756 4121 po·
796 4058 868 4108 nobie
879 4072 980 4123 qnoque
991 4058 1069 4106 remei
1082 4063 1159 4121 atque
1174 4057 1267 4106 iterum
1279 4071 1323 4107 ex·

231 4135 293 4198 pulc
305 4133 380 4193 albe,
391 4143 419 4183 et
430 4135 502 4184 retici
514 4137 609 4185 evenit.
641 4136 757 4186 Circum·
797 4135 877 4200 periri
894 4133 1038 4184 volentibus
1056 4134 1093 4182 ita
1109 4147 1167 4182 esre
1187 4147 1320 4197 propemo-

231 4207 420 4272 ngunturenim
432 4207 755 4276 loilaeerumpcrtsolnti·
796 4210 856 4263 dnm
869 4211 949 4260 ritum
959 4208 1016 4261 crt'
1051 4209 1257 4260 riddeetSclrol.
1275 4209 1320 4260 Ni·
