<?xml version="1.0" encoding="UTF-8"?>
<!DOCTYPE html PUBLIC "-//W3C//DTD XHTML 1.0 Transitional//EN"
    "http://www.w3.org/TR/xhtml1/DTD/xhtml1-transitional.dtd">
<html xmlns="http://www.w3.org/1999/xhtml" xml:lang="en" lang="en">
 <head>
  <title>
</title>
<meta http-equiv="Content-Type" content="text/html;charset=utf-8" />
  <meta name='ocr-system' content='tesseract 3.04.00' />
  <meta name='ocr-capabilities' content='ocr_page ocr_carea ocr_par ocr_line ocrx_word'/>
</head>
<body>
  <div class='ocr_page' id='page_1' title='image "./cpliniisecundin00brotgoog_0081.png"; bbox 0 0 2966 4850; ppageno 0'>
   <div class='ocr_carea' id='block_1_1' title="bbox 237 301 964 368">
    <p class='ocr_par' dir='ltr' id='par_1_1' title="bbox 237 301 964 368">
     <span class='ocr_line' id='line_1_1' title="bbox 237 301 964 368; baseline -0.008 0"><span class='ocrx_word' id='word_1_1' title='bbox 237 301 324 368; x_wconf 72' lang='lat' dir='ltr'><strong>aaut</strong></span> <span class='ocrx_word' id='word_1_2' title='bbox 601 317 635 365; x_wconf 92' lang='lat' dir='ltr'><strong>c.</strong></span> <span class='ocrx_word' id='word_1_3' title='bbox 659 315 777 364; x_wconf 81' lang='lat' dir='ltr'><strong>rnrnrr</strong></span> <span class='ocrx_word' id='word_1_4' title='bbox 802 313 964 364; x_wconf 74' lang='lat' dir='ltr'><strong>secuntur</strong></span> 
     </span>
    </p>
   </div>
   <div class='ocr_carea' id='block_1_2' title="bbox 237 449 1331 1452">
    <p class='ocr_par' dir='ltr' id='par_1_2' title="bbox 237 449 1324 728">
     <span class='ocr_line' id='line_1_2' title="bbox 238 449 1323 541; baseline -0.005 -15"><span class='ocrx_word' id='word_1_5' title='bbox 238 461 406 526; x_wconf 82' lang='lat' dir='ltr'><strong>umbrosa·</strong></span> <span class='ocrx_word' id='word_1_6' title='bbox 450 459 503 524; x_wconf 80' lang='lat' dir='ltr'><strong>Ex</strong></span> <span class='ocrx_word' id='word_1_7' title='bbox 516 459 643 522; x_wconf 83' lang='lat' dir='ltr'><strong>semiue</strong></span> <span class='ocrx_word' id='word_1_8' title='bbox 657 457 742 541; x_wconf 79' lang='lat' dir='ltr'><strong>ejus&#39;,</strong></span> <span class='ocrx_word' id='word_1_9' title='bbox 758 457 788 521; x_wconf 83' lang='lat' dir='ltr'><strong>ei</strong></span> <span class='ocrx_word' id='word_1_10' title='bbox 802 449 889 522; x_wconf 75' lang='lat' dir='ltr'><strong>lecta</strong></span> <span class='ocrx_word' id='word_1_11' title='bbox 900 463 1031 521; x_wconf 84' lang='lat' dir='ltr'><strong>matura</strong></span> <span class='ocrx_word' id='word_1_12' title='bbox 1046 461 1106 530; x_wconf 87' lang='lat' dir='ltr'><strong>est,</strong></span> <span class='ocrx_word' id='word_1_13' title='bbox 1120 456 1221 539; x_wconf 80' lang='lat' dir='ltr'><strong>palea</strong></span> <span class='ocrx_word' id='word_1_14' title='bbox 1237 463 1323 522; x_wconf 91' lang='lat' dir='ltr'><strong>cete·</strong></span> 
     </span>
     <span class='ocr_line' id='line_1_3' title="bbox 237 557 1324 644; baseline -0.002 -20"><span class='ocrx_word' id='word_1_15' title='bbox 237 562 284 626; x_wconf 84' lang='lat' dir='ltr'><strong>ris</strong></span> <span class='ocrx_word' id='word_1_16' title='bbox 299 561 483 644; x_wconf 78' lang='lat' dir='ltr'><strong>praefertur.</strong></span> <span class='ocrx_word' id='word_1_17' title='bbox 527 560 662 625; x_wconf 79' lang='lat' dir='ltr'><strong>Vilibus</strong></span> <span class='ocrx_word' id='word_1_18' title='bbox 682 561 830 643; x_wconf 84' lang='lat' dir='ltr'><strong>praeripit</strong></span> <span class='ocrx_word' id='word_1_19' title='bbox 851 577 1006 624; x_wconf 87' lang='lat' dir='ltr'><strong>succum:</strong></span> <span class='ocrx_word' id='word_1_20' title='bbox 1028 557 1324 642; x_wconf 82' lang='lat' dir='ltr'><strong>languescuntque,</strong></span> 
     </span>
     <span class='ocr_line' id='line_1_4' title="bbox 240 664 660 728; baseline -0.007 0"><span class='ocrx_word' id='word_1_21' title='bbox 240 664 317 728; x_wconf 78' lang='lat' dir='ltr'><strong>siin</strong></span> <span class='ocrx_word' id='word_1_22' title='bbox 331 664 489 727; x_wconf 79' lang='lat' dir='ltr'><strong>arbustop</strong></span> <span class='ocrx_word' id='word_1_23' title='bbox 511 669 660 726; x_wconf 80' lang='lat' dir='ltr'><strong>seratur.¹</strong></span> 
     </span>
    </p>

    <p class='ocr_par' dir='ltr' id='par_1_3' title="bbox 238 760 1331 1452">
     <span class='ocr_line' id='line_1_5' title="bbox 286 760 1325 845; baseline -0.003 -18"><span class='ocrx_word' id='word_1_24' title='bbox 286 781 461 827; x_wconf 81' lang='lat' dir='ltr'><strong>xxxvltt.</strong></span> <span class='ocrx_word' id='word_1_25' title='bbox 484 763 558 827; x_wconf 91' lang='lat' dir='ltr'><strong>Nec</strong></span> <span class='ocrx_word' id='word_1_26' title='bbox 582 763 674 826; x_wconf 66' lang='lat' dir='ltr'><strong>ervie</strong></span> <span class='ocrx_word' id='word_1_27' title='bbox 696 781 836 845; x_wconf 85' lang='lat' dir='ltr'><strong>operosa</strong></span> <span class='ocrx_word' id='word_1_28' title='bbox 864 781 945 827; x_wconf 84' lang='lat' dir='ltr'><strong>curo</strong></span> <span class='ocrx_word' id='word_1_29' title='bbox 968 767 1027 828; x_wconf 86' lang='lat' dir='ltr'><strong>est.</strong></span> <span class='ocrx_word' id='word_1_30' title='bbox 1073 760 1152 824; x_wconf 90' lang='lat' dir='ltr'><strong>Hoc</strong></span> <span class='ocrx_word' id='word_1_31' title='bbox 1168 761 1325 844; x_wconf 85' lang='lat' dir='ltr'><strong>amplius,</strong></span> 
     </span>
     <span class='ocr_line' id='line_1_6' title="bbox 242 861 1327 949; baseline -0.005 -20"><span class='ocrx_word' id='word_1_32' title='bbox 242 884 341 949; x_wconf 86' lang='lat' dir='ltr'><strong>quarn</strong></span> <span class='ocrx_word' id='word_1_33' title='bbox 359 867 454 942; x_wconf 84' lang='lat' dir='ltr'><strong>vicia,</strong></span> <span class='ocrx_word' id='word_1_34' title='bbox 476 869 672 927; x_wconf 78' lang='lat' dir='ltr'><strong>runcatur2&#39;</strong></span> <span class='ocrx_word' id='word_1_35' title='bbox 692 867 726 926; x_wconf 91' lang='lat' dir='ltr'><strong>et</strong></span> <span class='ocrx_word' id='word_1_36' title='bbox 749 863 858 944; x_wconf 85' lang='lat' dir='ltr'><strong>ipsum</strong></span> <span class='ocrx_word' id='word_1_37' title='bbox 884 861 1128 940; x_wconf 78' lang='lat' dir='ltr'><strong>medioamtpis·</strong></span> <span class='ocrx_word' id='word_1_38' title='bbox 1151 861 1217 924; x_wconf 86' lang='lat' dir='ltr'><strong>vim</strong></span> <span class='ocrx_word' id='word_1_39' title='bbox 1243 862 1327 925; x_wconf 90' lang='lat' dir='ltr'><strong>obti-</strong></span> 
     </span>
     <span class='ocr_line' id='line_1_7' title="bbox 241 963 1327 1050; baseline -0.003 -21"><span class='ocrx_word' id='word_1_40' title='bbox 241 986 335 1030; x_wconf 90' lang='lat' dir='ltr'><strong>nens.</strong></span> <span class='ocrx_word' id='word_1_41' title='bbox 365 965 503 1050; x_wconf 84' lang='lat' dir='ltr'><strong>Quippe</strong></span> <span class='ocrx_word' id='word_1_42' title='bbox 516 983 576 1049; x_wconf 91' lang='lat' dir='ltr'><strong>per</strong></span> <span class='ocrx_word' id='word_1_43' title='bbox 589 983 703 1029; x_wconf 83' lang='lat' dir='ltr'><strong>ervum</strong></span> <span class='ocrx_word' id='word_1_44' title='bbox 720 964 844 1028; x_wconf 86' lang='lat' dir='ltr'><strong>Divum</strong></span> <span class='ocrx_word' id='word_1_45' title='bbox 858 965 1047 1044; x_wconf 85' lang='lat' dir='ltr'><strong>Augustum</strong></span> <span class='ocrx_word' id='word_1_46' title='bbox 1060 971 1223 1040; x_wconf 87' lang='lat' dir='ltr'><strong>curatum,</strong></span> <span class='ocrx_word' id='word_1_47' title='bbox 1239 963 1327 1046; x_wconf 90' lang='lat' dir='ltr'><strong>epis·</strong></span> 
     </span>
     <span class='ocr_line' id='line_1_8' title="bbox 242 1065 1329 1150; baseline -0.005 -18"><span class='ocrx_word' id='word_1_48' title='bbox 242 1069 323 1133; x_wconf 90' lang='lat' dir='ltr'><strong>tulis</strong></span> <span class='ocrx_word' id='word_1_49' title='bbox 350 1069 458 1150; x_wconf 90' lang='lat' dir='ltr'><strong>ipsius</strong></span> <span class='ocrx_word' id='word_1_50' title='bbox 485 1067 643 1131; x_wconf 84' lang='lat' dir='ltr'><strong>memoria</strong></span> <span class='ocrx_word' id='word_1_51' title='bbox 668 1071 775 1128; x_wconf 84' lang='lat' dir='ltr'><strong>extat.</strong></span> <span class='ocrx_word' id='word_1_52' title='bbox 829 1065 1019 1130; x_wconf 69' lang='lat' dir='ltr'><strong>Sufficiuntt</strong></span> <span class='ocrx_word' id='word_1_53' title='bbox 1056 1065 1196 1147; x_wconf 84' lang='lat' dir='ltr'><strong>singulis</strong></span> <span class='ocrx_word' id='word_1_54' title='bbox 1226 1066 1329 1128; x_wconf 87' lang='lat' dir='ltr'><strong>boum</strong></span> 
     </span>
     <span class='ocr_line' id='line_1_9' title="bbox 238 1165 1331 1252; baseline -0.005 -19"><span class='ocrx_word' id='word_1_55' title='bbox 238 1169 331 1252; x_wconf 89' lang='lat' dir='ltr'><strong>jugis</strong></span> <span class='ocrx_word' id='word_1_56' title='bbox 346 1169 447 1232; x_wconf 85' lang='lat' dir='ltr'><strong>modii</strong></span> <span class='ocrx_word' id='word_1_57' title='bbox 462 1168 555 1251; x_wconf 91' lang='lat' dir='ltr'><strong>quini</strong></span> <span class='ocrx_word' id='word_1_58' title='bbox 572 1168 647 1230; x_wconf 86' lang='lat' dir='ltr'><strong>sati.</strong></span> <span class='ocrx_word' id='word_1_59' title='bbox 676 1165 801 1232; x_wconf 81' lang='lat' dir='ltr'><strong>Martio</strong></span> <span class='ocrx_word' id='word_1_60' title='bbox 812 1187 925 1230; x_wconf 88' lang='lat' dir='ltr'><strong>mense</strong></span> <span class='ocrx_word' id='word_1_61' title='bbox 937 1175 950 1202; x_wconf 81' lang='lat'><strong>¹¹</strong></span> <span class='ocrx_word' id='word_1_62' title='bbox 972 1169 1240 1245; x_wconf 83' lang='lat' dir='ltr'><strong>sutum,uoxiunr</strong></span> <span class='ocrx_word' id='word_1_63' title='bbox 1257 1185 1331 1229; x_wconf 87' lang='lat' dir='ltr'><strong>esse</strong></span> 
     </span>
     <span class='ocr_line' id='line_1_10' title="bbox 243 1269 1331 1350; baseline -0.005 -17"><span class='ocrx_word' id='word_1_64' title='bbox 243 1270 353 1333; x_wconf 79' lang='lat' dir='ltr'><strong>bubus</strong></span> <span class='ocrx_word' id='word_1_65' title='bbox 368 1270 468 1345; x_wconf 88' lang='lat' dir='ltr'><strong>aiunt,</strong></span> <span class='ocrx_word' id='word_1_66' title='bbox 482 1270 561 1332; x_wconf 90' lang='lat' dir='ltr'><strong>item</strong></span> <span class='ocrx_word' id='word_1_67' title='bbox 576 1273 734 1333; x_wconf 85' lang='lat' dir='ltr'><strong>autumno</strong></span> <span class='ocrx_word' id='word_1_68' title='bbox 747 1270 1016 1350; x_wconf 85' lang='lat' dir='ltr'><strong>gravedinosnm:</strong></span> <span class='ocrx_word' id='word_1_69' title='bbox 1032 1269 1206 1332; x_wconf 86' lang='lat' dir='ltr'><strong>innoxium</strong></span> <span class='ocrx_word' id='word_1_70' title='bbox 1220 1274 1331 1331; x_wconf 82' lang='lat' dir='ltr'><strong>autern</strong></span> 
     </span>
     <span class='ocr_line' id='line_1_11' title="bbox 244 1371 662 1452; baseline -0.002 -20"><span class='ocrx_word' id='word_1_71' title='bbox 244 1371 316 1434; x_wconf 85' lang='lat' dir='ltr'><strong>lieri</strong></span> <span class='ocrx_word' id='word_1_72' title='bbox 331 1371 437 1452; x_wconf 88' lang='lat' dir='ltr'><strong>primo</strong></span> <span class='ocrx_word' id='word_1_73' title='bbox 451 1389 526 1433; x_wconf 88' lang='lat' dir='ltr'><strong>vere</strong></span> <span class='ocrx_word' id='word_1_74' title='bbox 541 1377 662 1432; x_wconf 86' lang='lat' dir='ltr'><strong>satum.</strong></span> 
     </span>
    </p>
   </div>
   <div class='ocr_carea' id='block_1_3' title="bbox 247 1469 1336 1956">
    <p class='ocr_par' dir='ltr' id='par_1_4' title="bbox 247 1469 1336 1956">
     <span class='ocr_line' id='line_1_12' title="bbox 291 1469 1333 1557; baseline 0 -23"><span class='ocrx_word' id='word_1_75' title='bbox 291 1487 442 1536; x_wconf 83' lang='lat' dir='ltr'><strong>xxxix.</strong></span> <span class='ocrx_word' id='word_1_76' title='bbox 463 1470 578 1557; x_wconf 83' lang='lat' dir='ltr'><strong>(xvi.)</strong></span> <span class='ocrx_word' id='word_1_77' title='bbox 612 1469 657 1533; x_wconf 91' lang='lat' dir='ltr'><strong>Et</strong></span> <span class='ocrx_word' id='word_1_78' title='bbox 674 1471 806 1550; x_wconf 70' lang='lat' dir='ltr'><strong>silicia:</strong></span> <span class='ocrx_word' id='word_1_79' title='bbox 837 1471 901 1536; x_wconf 89' lang='lat' dir='ltr'><strong>hoc</strong></span> <span class='ocrx_word' id='word_1_80' title='bbox 932 1472 1135 1549; x_wconf 82' lang='lat' dir='ltr'><strong>est,soenuur</strong></span> <span class='ocrx_word' id='word_1_81' title='bbox 1165 1469 1333 1545; x_wconf 75' lang='lat' dir='ltr'><strong>Graecum,</strong></span> 
     </span>
     <span class='ocr_line' id='line_1_13' title="bbox 247 1570 1333 1656; baseline -0.002 -20"><span class='ocrx_word' id='word_1_82' title='bbox 247 1573 485 1637; x_wconf 85' lang='lat' dir='ltr'><strong>scarificatione</strong></span> <span class='ocrx_word' id='word_1_83' title='bbox 495 1578 513 1606; x_wconf 86' lang='lat'><strong>&#39;¹</strong></span> <span class='ocrx_word' id='word_1_84' title='bbox 526 1573 655 1651; x_wconf 82' lang='lat' dir='ltr'><strong>seritur,</strong></span> <span class='ocrx_word' id='word_1_85' title='bbox 665 1591 730 1635; x_wconf 93' lang='lat' dir='ltr'><strong>nou</strong></span> <span class='ocrx_word' id='word_1_86' title='bbox 746 1573 863 1637; x_wconf 82' lang='lat' dir='ltr'><strong>altiore</strong></span> <span class='ocrx_word' id='word_1_87' title='bbox 873 1581 1017 1656; x_wconf 89' lang='lat' dir='ltr'><strong>quatuor</strong></span> <span class='ocrx_word' id='word_1_88' title='bbox 1031 1573 1207 1654; x_wconf 76' lang='lat' dir='ltr'><strong>digitorum</strong></span> <span class='ocrx_word' id='word_1_89' title='bbox 1224 1570 1333 1648; x_wconf 86' lang='lat' dir='ltr'><strong>sulco,</strong></span> 
     </span>
     <span class='ocr_line' id='line_1_14' title="bbox 247 1671 1334 1757; baseline 0.001 -22"><span class='ocrx_word' id='word_1_90' title='bbox 247 1677 439 1756; x_wconf 84' lang='lat' dir='ltr'><strong>quantoque</strong></span> <span class='ocrx_word' id='word_1_91' title='bbox 454 1672 550 1755; x_wconf 85' lang='lat' dir='ltr'><strong>pejus</strong></span> <span class='ocrx_word' id='word_1_92' title='bbox 566 1678 735 1750; x_wconf 86' lang='lat' dir='ltr'><strong>tractatur,</strong></span> <span class='ocrx_word' id='word_1_93' title='bbox 751 1679 842 1736; x_wconf 86' lang='lat' dir='ltr'><strong>tauto</strong></span> <span class='ocrx_word' id='word_1_94' title='bbox 864 1675 1016 1757; x_wconf 85' lang='lat' dir='ltr'><strong>provenit</strong></span> <span class='ocrx_word' id='word_1_95' title='bbox 1033 1674 1162 1738; x_wconf 80' lang='lat' dir='ltr'><strong>melius.</strong></span> <span class='ocrx_word' id='word_1_96' title='bbox 1206 1671 1334 1737; x_wconf 86' lang='lat' dir='ltr'><strong>Rarum</strong></span> 
     </span>
     <span class='ocr_line' id='line_1_15' title="bbox 248 1772 1336 1858; baseline 0.002 -22"><span class='ocrx_word' id='word_1_97' title='bbox 248 1774 364 1851; x_wconf 90' lang='lat' dir='ltr'><strong>dictu,¹</strong></span> <span class='ocrx_word' id='word_1_98' title='bbox 387 1793 461 1836; x_wconf 85' lang='lat' dir='ltr'><strong>esse</strong></span> <span class='ocrx_word' id='word_1_99' title='bbox 476 1772 602 1856; x_wconf 85' lang='lat' dir='ltr'><strong>aliquid</strong></span> <span class='ocrx_word' id='word_1_100' title='bbox 618 1775 671 1837; x_wconf 92' lang='lat' dir='ltr'><strong>cni</strong></span> <span class='ocrx_word' id='word_1_101' title='bbox 687 1776 794 1855; x_wconf 86' lang='lat' dir='ltr'><strong>prosit</strong></span> <span class='ocrx_word' id='word_1_102' title='bbox 807 1775 1013 1858; x_wconf 85' lang='lat' dir='ltr'><strong>negligentia.</strong></span> <span class='ocrx_word' id='word_1_103' title='bbox 1057 1774 1099 1838; x_wconf 93' lang='lat' dir='ltr'><strong>ld</strong></span> <span class='ocrx_word' id='word_1_104' title='bbox 1122 1779 1231 1839; x_wconf 89' lang='lat' dir='ltr'><strong>autern</strong></span> <span class='ocrx_word' id='word_1_105' title='bbox 1247 1775 1336 1857; x_wconf 92' lang='lat' dir='ltr'><strong>quod</strong></span> 
     </span>
     <span class='ocr_line' id='line_1_16' title="bbox 249 1873 1294 1956; baseline 0 -20"><span class='ocrx_word' id='word_1_106' title='bbox 249 1873 371 1949; x_wconf 81' lang='lat' dir='ltr'><strong>secale,</strong></span> <span class='ocrx_word' id='word_1_107' title='bbox 388 1892 429 1937; x_wconf 87' lang='lat' dir='ltr'><strong>ac</strong></span> <span class='ocrx_word' id='word_1_108' title='bbox 443 1874 570 1956; x_wconf 84' lang='lat' dir='ltr'><strong>l&#39;arrago</strong></span> <span class='ocrx_word' id='word_1_109' title='bbox 580 1880 614 1909; x_wconf 81' lang='lat'><strong>²¹</strong></span> <span class='ocrx_word' id='word_1_110' title='bbox 636 1873 840 1956; x_wconf 86' lang='lat' dir='ltr'><strong>appellatur,</strong></span> <span class='ocrx_word' id='word_1_111' title='bbox 853 1877 964 1940; x_wconf 90' lang='lat' dir='ltr'><strong>occari</strong></span> <span class='ocrx_word' id='word_1_112' title='bbox 977 1882 1102 1940; x_wconf 87' lang='lat' dir='ltr'><strong>tantum</strong></span> <span class='ocrx_word' id='word_1_113' title='bbox 1118 1875 1294 1940; x_wconf 76' lang='lat' dir='ltr'><strong>desiderat.</strong></span> 
     </span>
    </p>
   </div>
   <div class='ocr_carea' id='block_1_4' title="bbox 705 2036 888 2058">
    <p class='ocr_par' dir='ltr' id='par_1_5' title="bbox 705 2036 888 2058">
     <span class='ocr_line' id='line_1_17' title="bbox 705 2036 888 2058; baseline 0 -1"><span class='ocrx_word' id='word_1_114' title='bbox 705 2036 888 2058; x_wconf 62' lang='lat' dir='ltr'><strong>menneo</strong></span> 
     </span>
    </p>
   </div>
   <div class='ocr_carea' id='block_1_5' title="bbox 264 2133 1342 2270">
    <p class='ocr_par' dir='ltr' id='par_1_6' title="bbox 264 2133 1342 2270">
     <span class='ocr_line' id='line_1_18' title="bbox 264 2133 981 2195; baseline 0 -3"><span class='ocrx_word' id='word_1_115' title='bbox 264 2133 265 2138; x_wconf 30' lang='lat'>¹</span> <span class='ocrx_word' id='word_1_116' title='bbox 284 2145 351 2193; x_wconf 77' lang='lat' dir='ltr'><strong>Ctt’.</strong></span> <span class='ocrx_word' id='word_1_117' title='bbox 365 2155 479 2192; x_wconf 78' lang='lat' dir='ltr'><strong>xxxvii.</strong></span> <span class='ocrx_word' id='word_1_118' title='bbox 496 2148 508 2192; x_wconf 92' lang='lat' dir='ltr'><strong>l</strong></span> <span class='ocrx_word' id='word_1_119' title='bbox 528 2143 723 2193; x_wconf 68' lang='lat' dir='ltr'><strong>coebaneo</strong></span> <span class='ocrx_word' id='word_1_120' title='bbox 733 2145 759 2192; x_wconf 79' lang='lat' dir='ltr'><strong>tn</strong></span> <span class='ocrx_word' id='word_1_121' title='bbox 769 2145 871 2194; x_wconf 74' lang='lat' dir='ltr'><strong>urbertir</strong></span> <span class='ocrx_word' id='word_1_122' title='bbox 881 2151 981 2195; x_wconf 82' lang='lat' dir='ltr'><strong>rerutur.</strong></span> 
     </span>
     <span class='ocr_line' id='line_1_19' title="bbox 284 2207 1342 2270; baseline 0.002 -14"><span class='ocrx_word' id='word_1_123' title='bbox 284 2207 350 2256; x_wconf 76' lang='lat' dir='ltr'><strong>Cur.</strong></span> <span class='ocrx_word' id='word_1_124' title='bbox 364 2219 465 2256; x_wconf 80' lang='lat' dir='ltr'><strong>xxxix.</strong></span> <span class='ocrx_word' id='word_1_125' title='bbox 482 2212 494 2255; x_wconf 92' lang='lat' dir='ltr'><strong>l</strong></span> <span class='ocrx_word' id='word_1_126' title='bbox 514 2209 605 2256; x_wconf 77' lang='lat' dir='ltr'><strong>Mirum</strong></span> <span class='ocrx_word' id='word_1_127' title='bbox 622 2209 686 2256; x_wconf 78' lang='lat' dir='ltr'><strong>dictu</strong></span> <span class='ocrx_word' id='word_1_128' title='bbox 705 2221 794 2270; x_wconf 79' lang='lat' dir='ltr'><strong>rnurgo</strong></span> <span class='ocrx_word' id='word_1_129' title='bbox 811 2209 974 2260; x_wconf 69' lang='lat' dir='ltr'><strong>eduliulec.</strong></span> <span class='ocrx_word' id='word_1_130' title='bbox 993 2215 1020 2258; x_wconf 87' lang='lat' dir='ltr'><strong>et</strong></span> <span class='ocrx_word' id='word_1_131' title='bbox 1031 2207 1193 2259; x_wconf 70' lang='lat' dir='ltr'><strong>Gronau-b</strong></span> <span class='ocrx_word' id='word_1_132' title='bbox 1210 2207 1253 2257; x_wconf 82' lang='lat' dir='ltr'><strong>ltu</strong></span> <span class='ocrx_word' id='word_1_133' title='bbox 1265 2207 1342 2258; x_wconf 85' lang='lat' dir='ltr'><strong>codd.</strong></span> 
     </span>
    </p>
   </div>
   <div class='ocr_carea' id='block_1_6' title="bbox 249 2271 1340 2387">
    <p class='ocr_par' dir='ltr' id='par_1_7' title="bbox 249 2271 1340 2387">
     <span class='ocr_line' id='line_1_20' title="bbox 251 2271 1340 2336; baseline 0 -14"><span class='ocrx_word' id='word_1_134' title='bbox 251 2272 379 2323; x_wconf 83' lang='lat' dir='ltr'><strong>llurdnini</strong></span> <span class='ocrx_word' id='word_1_135' title='bbox 390 2279 417 2320; x_wconf 85' lang='lat' dir='ltr'><strong>et</strong></span> <span class='ocrx_word' id='word_1_136' title='bbox 432 2271 521 2319; x_wconf 73' lang='lat' dir='ltr'><strong>Dulce.</strong></span> <span class='ocrx_word' id='word_1_137' title='bbox 532 2286 589 2321; x_wconf 86' lang='lat' dir='ltr'><strong>curu</strong></span> <span class='ocrx_word' id='word_1_138' title='bbox 601 2274 661 2322; x_wconf 87' lang='lat' dir='ltr'><strong>edd.</strong></span> <span class='ocrx_word' id='word_1_139' title='bbox 674 2272 800 2322; x_wconf 83' lang='lat' dir='ltr'><strong>Harduln.</strong></span> <span class='ocrx_word' id='word_1_140' title='bbox 813 2279 835 2322; x_wconf 85' lang='lat'><strong>1.</strong></span> <span class='ocrx_word' id='word_1_141' title='bbox 847 2279 870 2324; x_wconf 72' lang='grc' dir='ltr'><strong>Ξ.</strong></span> <span class='ocrx_word' id='word_1_142' title='bbox 880 2278 904 2323; x_wconf 75' lang='grc' dir='ltr'><strong>Ι.</strong></span> <span class='ocrx_word' id='word_1_143' title='bbox 915 2283 942 2324; x_wconf 86' lang='lat' dir='ltr'><strong>et</strong></span> <span class='ocrx_word' id='word_1_144' title='bbox 955 2281 1062 2324; x_wconf 78' lang='lat' dir='ltr'><strong>recentt.</strong></span> <span class='ocrx_word' id='word_1_145' title='bbox 1081 2278 1150 2336; x_wconf 80' lang='lat' dir='ltr'><strong>utque</strong></span> <span class='ocrx_word' id='word_1_146' title='bbox 1159 2272 1263 2334; x_wconf 75' lang='lat' dir='ltr'><strong>ferrugo</strong></span> <span class='ocrx_word' id='word_1_147' title='bbox 1273 2273 1340 2322; x_wconf 84' lang='lat' dir='ltr'><strong>Gru·</strong></span> 
     </span>
     <span class='ocr_line' id='line_1_21' title="bbox 249 2335 832 2387; baseline -0.005 0"><span class='ocrx_word' id='word_1_148' title='bbox 249 2349 309 2387; x_wconf 76' lang='lat' dir='ltr'><strong>nur.</strong></span> <span class='ocrx_word' id='word_1_149' title='bbox 320 2344 349 2385; x_wconf 89' lang='lat' dir='ltr'><strong>et</strong></span> <span class='ocrx_word' id='word_1_150' title='bbox 358 2337 391 2386; x_wconf 76' lang='lat' dir='ltr'><strong>ul.</strong></span> <span class='ocrx_word' id='word_1_151' title='bbox 404 2343 465 2386; x_wconf 78' lang='lat' dir='ltr'><strong>aute</strong></span> <span class='ocrx_word' id='word_1_152' title='bbox 477 2335 607 2386; x_wconf 80' lang='lat' dir='ltr'><strong>llurdutu.</strong></span> <span class='ocrx_word' id='word_1_153' title='bbox 831 2349 832 2352; x_wconf 48' lang='lat'>¹</span> 
     </span>
    </p>
   </div>
   <div class='ocr_carea' id='block_1_7' title="bbox 248 2543 1354 4190">
    <p class='ocr_par' dir='ltr' id='par_1_8' title="bbox 248 2543 1345 2758">
     <span class='ocr_line' id='line_1_22' title="bbox 284 2543 1344 2606; baseline 0.002 -13"><span class='ocrx_word' id='word_1_154' title='bbox 284 2544 343 2594; x_wconf 59' lang='lat' dir='ltr'><strong>”Si</strong></span> <span class='ocrx_word' id='word_1_155' title='bbox 360 2545 386 2592; x_wconf 77' lang='lat' dir='ltr'><strong>in</strong></span> <span class='ocrx_word' id='word_1_156' title='bbox 403 2543 508 2606; x_wconf 75' lang='lat' dir='ltr'><strong>arturo]</strong></span> <span class='ocrx_word' id='word_1_157' title='bbox 524 2545 551 2594; x_wconf 90' lang='lat' dir='ltr'><strong>Si</strong></span> <span class='ocrx_word' id='word_1_158' title='bbox 571 2544 596 2593; x_wconf 93' lang='lat' dir='ltr'><strong>in</strong></span> <span class='ocrx_word' id='word_1_159' title='bbox 613 2545 671 2593; x_wconf 90' lang='lat' dir='ltr'><strong>luco</strong></span> <span class='ocrx_word' id='word_1_160' title='bbox 689 2558 776 2592; x_wconf 73' lang='lat' dir='ltr'><strong>setun·</strong></span> <span class='ocrx_word' id='word_1_161' title='bbox 817 2547 878 2596; x_wconf 87' lang='lat' dir='ltr'><strong>buln</strong></span> <span class='ocrx_word' id='word_1_162' title='bbox 889 2561 934 2596; x_wconf 77' lang='lat' dir='ltr'><strong>unu</strong></span> <span class='ocrx_word' id='word_1_163' title='bbox 946 2545 1094 2595; x_wconf 73' lang='lat' dir='ltr'><strong>cerebroso·</strong></span> <span class='ocrx_word' id='word_1_164' title='bbox 1112 2544 1225 2595; x_wconf 67' lang='lat' dir='ltr'><strong>reddat!</strong></span> <span class='ocrx_word' id='word_1_165' title='bbox 1257 2545 1344 2595; x_wconf 75' lang='lat' dir='ltr'><strong>Pullu-</strong></span> 
     </span>
     <span class='ocr_line' id='line_1_23' title="bbox 248 2619 1345 2682; baseline 0.002 -14"><span class='ocrx_word' id='word_1_166' title='bbox 248 2629 305 2676; x_wconf 74' lang='lat' dir='ltr'><strong>tur,</strong></span> <span class='ocrx_word' id='word_1_167' title='bbox 322 2621 366 2669; x_wconf 90' lang='lat' dir='ltr'><strong>ubi</strong></span> <span class='ocrx_word' id='word_1_168' title='bbox 387 2620 451 2669; x_wconf 80' lang='lat' dir='ltr'><strong>viter</strong></span> <span class='ocrx_word' id='word_1_169' title='bbox 471 2627 531 2669; x_wconf 75' lang='lat' dir='ltr'><strong>snut</strong></span> <span class='ocrx_word' id='word_1_170' title='bbox 548 2619 680 2670; x_wconf 72' lang='lat' dir='ltr'><strong>arboribus</strong></span> <span class='ocrx_word' id='word_1_171' title='bbox 694 2619 778 2682; x_wconf 82' lang='lat' dir='ltr'><strong>appli-</strong></span> <span class='ocrx_word' id='word_1_172' title='bbox 817 2622 873 2672; x_wconf 77' lang='lat' dir='ltr'><strong>uiro</strong></span> <span class='ocrx_word' id='word_1_173' title='bbox 885 2623 930 2672; x_wconf 87' lang='lat' dir='ltr'><strong>lib.</strong></span> <span class='ocrx_word' id='word_1_174' title='bbox 943 2636 985 2671; x_wconf 95' lang='grc' dir='ltr'><strong>ιιι.</strong></span> <span class='ocrx_word' id='word_1_175' title='bbox 997 2622 1022 2670; x_wconf 88' lang='lat' dir='ltr'><strong>iu</strong></span> <span class='ocrx_word' id='word_1_176' title='bbox 1034 2620 1112 2670; x_wconf 83' lang='lat' dir='ltr'><strong>Febr.</strong></span> <span class='ocrx_word' id='word_1_177' title='bbox 1132 2622 1173 2669; x_wconf 90' lang='lat' dir='ltr'><strong>tit.</strong></span> <span class='ocrx_word' id='word_1_178' title='bbox 1184 2625 1209 2668; x_wconf 78' lang='lat' dir='ltr'><strong>i.</strong></span> <span class='ocrx_word' id='word_1_179' title='bbox 1227 2622 1345 2670; x_wconf 74' lang='lat' dir='ltr'><strong>‘Martio</strong></span> 
     </span>
     <span class='ocr_line' id='line_1_24' title="bbox 252 2696 1345 2758; baseline -0.001 -13"><span class='ocrx_word' id='word_1_180' title='bbox 252 2696 322 2745; x_wconf 73' lang='lat' dir='ltr'><strong>citae.</strong></span> <span class='ocrx_word' id='word_1_181' title='bbox 652 2733 654 2740; x_wconf 60' lang='grc'><strong>,</strong></span> <span class='ocrx_word' id='word_1_182' title='bbox 818 2711 905 2748; x_wconf 85' lang='lat' dir='ltr'><strong>erruru</strong></span> <span class='ocrx_word' id='word_1_183' title='bbox 924 2699 1059 2746; x_wconf 78' lang='lat' dir='ltr'><strong>terentium</strong></span> <span class='ocrx_word' id='word_1_184' title='bbox 1080 2709 1129 2744; x_wconf 88' lang='lat' dir='ltr'><strong>nou</strong></span> <span class='ocrx_word' id='word_1_185' title='bbox 1149 2704 1198 2756; x_wconf 77' lang='lat' dir='ltr'><strong>ert,</strong></span> <span class='ocrx_word' id='word_1_186' title='bbox 1218 2709 1251 2744; x_wconf 87' lang='lat' dir='ltr'><strong>ne</strong></span> <span class='ocrx_word' id='word_1_187' title='bbox 1270 2705 1345 2758; x_wconf 73' lang='lat' dir='ltr'><strong>putu</strong></span> 
     </span>
    </p>

    <p class='ocr_par' dir='ltr' id='par_1_9' title="bbox 253 2770 1348 3060">
     <span class='ocr_line' id='line_1_25' title="bbox 285 2770 1347 2836; baseline -0.001 -17"><span class='ocrx_word' id='word_1_188' title='bbox 285 2780 297 2813; x_wconf 74' lang='grc' dir='ltr'><strong>ι</strong></span> <span class='ocrx_word' id='word_1_189' title='bbox 316 2771 368 2819; x_wconf 79' lang='lat' dir='ltr'><strong>Nec</strong></span> <span class='ocrx_word' id='word_1_190' title='bbox 383 2770 445 2834; x_wconf 81' lang='lat' dir='ltr'><strong>erui]</strong></span> <span class='ocrx_word' id='word_1_191' title='bbox 466 2773 553 2820; x_wconf 82' lang='lat' dir='ltr'><strong>Ermrm</strong></span> <span class='ocrx_word' id='word_1_192' title='bbox 571 2772 671 2822; x_wconf 72' lang='lat' dir='ltr'><strong>Gracia</strong></span> <span class='ocrx_word' id='word_1_193' title='bbox 688 2771 779 2834; x_wconf 66' lang='grc' dir='ltr'><strong>ὄροβοι,</strong></span> <span class='ocrx_word' id='word_1_194' title='bbox 819 2787 864 2822; x_wconf 80' lang='lat' dir='ltr'><strong>nuo</strong></span> <span class='ocrx_word' id='word_1_195' title='bbox 877 2773 1010 2836; x_wconf 75' lang='lat' dir='ltr'><strong>pecoribus</strong></span> <span class='ocrx_word' id='word_1_196' title='bbox 1020 2780 1121 2833; x_wconf 73' lang='lat' dir='ltr'><strong>noceat,</strong></span> <span class='ocrx_word' id='word_1_197' title='bbox 1131 2771 1245 2821; x_wconf 81' lang='lat' dir='ltr'><strong>elboren</strong></span> <span class='ocrx_word' id='word_1_198' title='bbox 1255 2772 1347 2820; x_wconf 79' lang='lat' dir='ltr'><strong>reddet</strong></span> 
     </span>
     <span class='ocr_line' id='line_1_26' title="bbox 254 2845 1348 2910; baseline 0 -14"><span class='ocrx_word' id='word_1_199' title='bbox 254 2845 336 2896; x_wconf 72' lang='lat' dir='ltr'><strong>Gallie</strong></span> <span class='ocrx_word' id='word_1_200' title='bbox 351 2847 405 2907; x_wconf 78' lang='lat' dir='ltr'><strong>Era,</strong></span> <span class='ocrx_word' id='word_1_201' title='bbox 421 2861 435 2893; x_wconf 81' lang='grc' dir='ltr'><strong>ι</strong></span> <span class='ocrx_word' id='word_1_202' title='bbox 453 2845 587 2894; x_wconf 83' lang='lat' dir='ltr'><strong>Dodonaeo</strong></span> <span class='ocrx_word' id='word_1_203' title='bbox 598 2847 691 2896; x_wconf 79' lang='lat' dir='ltr'><strong>ciceris</strong></span> <span class='ocrx_word' id='word_1_204' title='bbox 703 2847 778 2894; x_wconf 75' lang='lat' dir='ltr'><strong>satiri</strong></span> <span class='ocrx_word' id='word_1_205' title='bbox 820 2850 939 2897; x_wconf 55' lang='lat' dir='ltr'><strong>incanus)</strong></span> <span class='ocrx_word' id='word_1_206' title='bbox 965 2848 1093 2910; x_wconf 85' lang='lat' dir='ltr'><strong>Theoplrr.</strong></span> <span class='ocrx_word' id='word_1_207' title='bbox 1102 2847 1173 2896; x_wconf 83' lang='lat' dir='ltr'><strong>Hirt.</strong></span> <span class='ocrx_word' id='word_1_208' title='bbox 1185 2861 1216 2896; x_wconf 84' lang='lat' dir='ltr'><strong>tr·</strong></span> <span class='ocrx_word' id='word_1_209' title='bbox 1227 2854 1251 2896; x_wconf 86' lang='lat'><strong>⁵.</strong></span> <span class='ocrx_word' id='word_1_210' title='bbox 1264 2847 1348 2910; x_wconf 82' lang='lat' dir='ltr'><strong>primo</strong></span> 
     </span>
     <span class='ocr_line' id='line_1_27' title="bbox 253 2921 1348 2984; baseline 0.002 -14"><span class='ocrx_word' id='word_1_211' title='bbox 253 2923 356 2970; x_wconf 74' lang='lat' dir='ltr'><strong>nunniue</strong></span> <span class='ocrx_word' id='word_1_212' title='bbox 374 2921 538 2982; x_wconf 75' lang='lat' dir='ltr'><strong>describitur,</strong></span> <span class='ocrx_word' id='word_1_213' title='bbox 559 2936 585 2984; x_wconf 90' lang='lat' dir='ltr'><strong>p.</strong></span> <span class='ocrx_word' id='word_1_214' title='bbox 597 2926 654 2971; x_wconf 79' lang='lat' dir='ltr'><strong>ott.</strong></span> <span class='ocrx_word' id='word_1_215' title='bbox 672 2935 686 2968; x_wconf 83' lang='grc' dir='ltr'><strong>ι</strong></span> <span class='ocrx_word' id='word_1_216' title='bbox 703 2923 779 2971; x_wconf 83' lang='lat' dir='ltr'><strong>Daie-</strong></span> <span class='ocrx_word' id='word_1_217' title='bbox 821 2937 881 2972; x_wconf 83' lang='lat' dir='ltr'><strong>rere</strong></span> <span class='ocrx_word' id='word_1_218' title='bbox 901 2931 983 2972; x_wconf 76' lang='lat' dir='ltr'><strong>rutrum</strong></span> <span class='ocrx_word' id='word_1_219' title='bbox 1003 2923 1040 2971; x_wconf 76' lang='lat' dir='ltr'><strong>ait</strong></span> <span class='ocrx_word' id='word_1_220' title='bbox 1057 2934 1115 2970; x_wconf 81' lang='lat' dir='ltr'><strong>erre</strong></span> <span class='ocrx_word' id='word_1_221' title='bbox 1135 2922 1282 2972; x_wconf 78' lang='lat' dir='ltr'><strong>innoxium:</strong></span> <span class='ocrx_word' id='word_1_222' title='bbox 1304 2938 1348 2972; x_wconf 76' lang='lat' dir='ltr'><strong>nn·</strong></span> 
     </span>
     <span class='ocr_line' id='line_1_28' title="bbox 254 2995 1137 3060; baseline 0 -14"><span class='ocrx_word' id='word_1_223' title='bbox 254 2997 357 3058; x_wconf 74' lang='lat' dir='ltr'><strong>campio</strong></span> <span class='ocrx_word' id='word_1_224' title='bbox 369 2995 438 3044; x_wconf 82' lang='lat' dir='ltr'><strong>Hint.</strong></span> <span class='ocrx_word' id='word_1_225' title='bbox 451 2995 539 3046; x_wconf 78' lang='lat' dir='ltr'><strong>Plent.</strong></span> <span class='ocrx_word' id='word_1_226' title='bbox 551 3010 586 3043; x_wconf 85' lang='grc' dir='ltr'><strong>ιι.</strong></span> <span class='ocrx_word' id='word_1_227' title='bbox 597 3000 637 3044; x_wconf 81' lang='lat' dir='ltr'><strong>tr.</strong></span> <span class='ocrx_word' id='word_1_228' title='bbox 649 3011 673 3058; x_wconf 94' lang='lat' dir='ltr'><strong>p.</strong></span> <span class='ocrx_word' id='word_1_229' title='bbox 682 3000 739 3046; x_wconf 81' lang='grc'><strong>468.</strong></span> <span class='ocrx_word' id='word_1_230' title='bbox 821 3005 919 3058; x_wconf 83' lang='lat' dir='ltr'><strong>tutuno,</strong></span> <span class='ocrx_word' id='word_1_231' title='bbox 929 2997 1137 3060; x_wconf 70' lang='lat' dir='ltr'><strong>gravedinurnrn.</strong></span> 
     </span>
    </p>

    <p class='ocr_par' dir='ltr' id='par_1_10' title="bbox 254 3069 1353 3588">
     <span class='ocr_line' id='line_1_29' title="bbox 287 3069 1350 3133; baseline 0.005 -14"><span class='ocrx_word' id='word_1_232' title='bbox 287 3078 297 3103; x_wconf 82' lang='lat'>¹</span> <span class='ocrx_word' id='word_1_233' title='bbox 314 3069 448 3130; x_wconf 69' lang='lat' dir='ltr'><strong>lincuntur]</strong></span> <span class='ocrx_word' id='word_1_234' title='bbox 475 3071 593 3120; x_wconf 83' lang='lat' dir='ltr'><strong>Rnneare</strong></span> <span class='ocrx_word' id='word_1_235' title='bbox 612 3081 723 3132; x_wconf 76' lang='lat' dir='ltr'><strong>tegetes,</strong></span> <span class='ocrx_word' id='word_1_236' title='bbox 740 3080 782 3122; x_wconf 80' lang='lat' dir='ltr'><strong>ert</strong></span> <span class='ocrx_word' id='word_1_237' title='bbox 855 3080 865 3105; x_wconf 85' lang='lat'>&#39;</span> <span class='ocrx_word' id='word_1_238' title='bbox 883 3074 917 3122; x_wconf 83' lang='lat' dir='ltr'><strong>Et</strong></span> <span class='ocrx_word' id='word_1_239' title='bbox 927 3071 1016 3133; x_wconf 74' lang='lat' dir='ltr'><strong>cilicie]</strong></span> <span class='ocrx_word' id='word_1_240' title='bbox 1033 3073 1066 3120; x_wconf 93' lang='lat' dir='ltr'><strong>Iu</strong></span> <span class='ocrx_word' id='word_1_241' title='bbox 1078 3073 1275 3133; x_wconf 52' lang='lat' dir='ltr'><strong>ludicenflkin.</strong></span> <span class='ocrx_word' id='word_1_242' title='bbox 1299 3075 1350 3124; x_wconf 86' lang='lat' dir='ltr'><strong>Cu·</strong></span> 
     </span>
     <span class='ocr_line' id='line_1_30' title="bbox 254 3144 1349 3213; baseline 0.005 -19"><span class='ocrx_word' id='word_1_243' title='bbox 254 3147 346 3194; x_wconf 75' lang='lat' dir='ltr'><strong>herbar</strong></span> <span class='ocrx_word' id='word_1_244' title='bbox 362 3159 378 3193; x_wconf 84' lang='lat' dir='ltr'><strong>e</strong></span> <span class='ocrx_word' id='word_1_245' title='bbox 393 3144 523 3206; x_wconf 73' lang='lat' dir='ltr'><strong>segetibus</strong></span> <span class='ocrx_word' id='word_1_246' title='bbox 539 3159 696 3208; x_wconf 75' lang='lat' dir='ltr'><strong>expurgare,</strong></span> <span class='ocrx_word' id='word_1_247' title='bbox 713 3145 782 3209; x_wconf 86' lang='lat' dir='ltr'><strong>qnod</strong></span> <span class='ocrx_word' id='word_1_248' title='bbox 822 3148 926 3197; x_wconf 79' lang='lat' dir='ltr'><strong>luunrr.</strong></span> <span class='ocrx_word' id='word_1_249' title='bbox 937 3152 978 3196; x_wconf 91' lang='lat' dir='ltr'><strong>ll.</strong></span> <span class='ocrx_word' id='word_1_250' title='bbox 989 3148 1085 3210; x_wconf 75' lang='lat' dir='ltr'><strong>riliquu.</strong></span> <span class='ocrx_word' id='word_1_251' title='bbox 1113 3148 1199 3197; x_wconf 88' lang='lat' dir='ltr'><strong>Plinio</strong></span> <span class='ocrx_word' id='word_1_252' title='bbox 1211 3149 1349 3213; x_wconf 81' lang='lat' dir='ltr'><strong>iprixxrr.</strong></span> 
     </span>
     <span class='ocr_line' id='line_1_31' title="bbox 256 3219 1353 3286; baseline 0.005 -18"><span class='ocrx_word' id='word_1_253' title='bbox 256 3221 342 3272; x_wconf 71' lang='lat' dir='ltr'><strong>Graeci</strong></span> <span class='ocrx_word' id='word_1_254' title='bbox 364 3219 511 3280; x_wconf 58' lang='lat' dir='ltr'><strong>oannem,</strong></span> <span class='ocrx_word' id='word_1_255' title='bbox 533 3229 560 3269; x_wconf 86' lang='lat' dir='ltr'><strong>et</strong></span> <span class='ocrx_word' id='word_1_256' title='bbox 582 3220 717 3282; x_wconf 75' lang='grc' dir='ltr'><strong>βοτανίζειν</strong></span> <span class='ocrx_word' id='word_1_257' title='bbox 738 3234 782 3269; x_wconf 84' lang='lat' dir='ltr'><strong>ro·</strong></span> <span class='ocrx_word' id='word_1_258' title='bbox 824 3228 923 3273; x_wconf 78' lang='lat' dir='ltr'><strong>12⁰.er</strong></span> <span class='ocrx_word' id='word_1_259' title='bbox 936 3224 1001 3273; x_wconf 87' lang='grc' dir='ltr'><strong>Μιι.</strong></span> <span class='ocrx_word' id='word_1_260' title='bbox 1017 3223 1229 3284; x_wconf 79' lang='lat' dir='ltr'><strong>omnibut‚nilico.</strong></span> <span class='ocrx_word' id='word_1_261' title='bbox 1258 3225 1353 3286; x_wconf 73' lang='lat' dir='ltr'><strong>Gallia,</strong></span> 
     </span>
     <span class='ocr_line' id='line_1_32' title="bbox 256 3293 1352 3362; baseline 0.003 -16"><span class='ocrx_word' id='word_1_262' title='bbox 256 3304 334 3346; x_wconf 80' lang='lat' dir='ltr'><strong>cunt:</strong></span> <span class='ocrx_word' id='word_1_263' title='bbox 352 3297 527 3345; x_wconf 81' lang='lat' dir='ltr'><strong>runcationem</strong></span> <span class='ocrx_word' id='word_1_264' title='bbox 540 3296 619 3358; x_wconf 83' lang='lat' dir='ltr'><strong>iprum</strong></span> <span class='ocrx_word' id='word_1_265' title='bbox 632 3293 783 3356; x_wconf 72' lang='grc' dir='ltr'><strong>βοτανισμδν,</strong></span> <span class='ocrx_word' id='word_1_266' title='bbox 824 3297 938 3360; x_wconf 68' lang='grc' dir='ltr'><strong>διιιςτέ,</strong></span> <span class='ocrx_word' id='word_1_267' title='bbox 948 3313 978 3348; x_wconf 82' lang='lat' dir='ltr'><strong>ort</strong></span> <span class='ocrx_word' id='word_1_268' title='bbox 988 3298 1121 3362; x_wconf 76' lang='lat' dir='ltr'><strong>Fenugrec.</strong></span> <span class='ocrx_word' id='word_1_269' title='bbox 1139 3299 1262 3362; x_wconf 87' lang='lat' dir='ltr'><strong>Pingitur</strong></span> <span class='ocrx_word' id='word_1_270' title='bbox 1271 3314 1288 3349; x_wconf 81' lang='grc' dir='ltr'><strong>ι</strong></span> <span class='ocrx_word' id='word_1_271' title='bbox 1298 3301 1352 3350; x_wconf 87' lang='lat' dir='ltr'><strong>Du·</strong></span> 
     </span>
     <span class='ocr_line' id='line_1_33' title="bbox 255 3371 1033 3437; baseline 0 -15"><span class='ocrx_word' id='word_1_272' title='bbox 255 3373 312 3437; x_wconf 78' lang='lat' dir='ltr'><strong>ipro</strong></span> <span class='ocrx_word' id='word_1_273' title='bbox 331 3377 400 3420; x_wconf 77' lang='lat' dir='ltr'><strong>teate</strong></span> <span class='ocrx_word' id='word_1_274' title='bbox 417 3371 512 3427; x_wconf 87' lang='lat' dir='ltr'><strong>Plinio,</strong></span> <span class='ocrx_word' id='word_1_275' title='bbox 530 3386 587 3434; x_wconf 77' lang='lat' dir='ltr'><strong>cup.</strong></span> <span class='ocrx_word' id='word_1_276' title='bbox 605 3375 646 3420; x_wconf 78' lang='lat' dir='ltr'><strong>tr.</strong></span> <span class='ocrx_word' id='word_1_277' title='bbox 667 3372 784 3434; x_wconf 77' lang='lat' dir='ltr'><strong>Nettoper</strong></span> <span class='ocrx_word' id='word_1_278' title='bbox 824 3372 926 3432; x_wconf 68' lang='lat' dir='ltr'><strong>donau,</strong></span> <span class='ocrx_word' id='word_1_279' title='bbox 937 3389 962 3436; x_wconf 89' lang='lat' dir='ltr'><strong>p.</strong></span> <span class='ocrx_word' id='word_1_280' title='bbox 975 3377 1033 3422; x_wconf 78' lang='lat'><strong>526.</strong></span> 
     </span>
     <span class='ocr_line' id='line_1_34' title="bbox 256 3445 1353 3513; baseline 0.004 -16"><span class='ocrx_word' id='word_1_281' title='bbox 256 3449 290 3497; x_wconf 76' lang='lat' dir='ltr'><strong>len</strong></span> <span class='ocrx_word' id='word_1_282' title='bbox 310 3447 369 3508; x_wconf 71' lang='lat' dir='ltr'><strong>uter,</strong></span> <span class='ocrx_word' id='word_1_283' title='bbox 393 3462 420 3496; x_wconf 83' lang='lat' dir='ltr'><strong>en</strong></span> <span class='ocrx_word' id='word_1_284' title='bbox 446 3447 572 3495; x_wconf 83' lang='lat' dir='ltr'><strong>urrrclrunt</strong></span> <span class='ocrx_word' id='word_1_285' title='bbox 594 3447 628 3496; x_wconf 74' lang='lat' dir='ltr'><strong>len</strong></span> <span class='ocrx_word' id='word_1_286' title='bbox 651 3445 784 3494; x_wconf 72' lang='lat' dir='ltr'><strong>mteluntet</strong></span> <span class='ocrx_word' id='word_1_287' title='bbox 856 3447 1074 3512; x_wconf 46' lang='lat' dir='ltr'><strong>rumunnense]</strong></span> <span class='ocrx_word' id='word_1_288' title='bbox 1091 3449 1353 3513; x_wconf 78' lang='lat' dir='ltr'><strong>Hucent‚prurcim</strong></span> 
     </span>
     <span class='ocr_line' id='line_1_35' title="bbox 257 3524 1353 3588; baseline 0.004 -16"><span class='ocrx_word' id='word_1_289' title='bbox 257 3525 346 3574; x_wconf 65' lang='lat' dir='ltr'><strong>labes.</strong></span> <span class='ocrx_word' id='word_1_290' title='bbox 824 3524 917 3574; x_wconf 81' lang='lat' dir='ltr'><strong>leviter</strong></span> <span class='ocrx_word' id='word_1_291' title='bbox 929 3525 1031 3588; x_wconf 74' lang='lat' dir='ltr'><strong>tellure,</strong></span> <span class='ocrx_word' id='word_1_292' title='bbox 1047 3539 1095 3574; x_wconf 87' lang='lat' dir='ltr'><strong>nee</strong></span> <span class='ocrx_word' id='word_1_293' title='bbox 1107 3525 1247 3576; x_wconf 74' lang='lat' dir='ltr'><strong>ulteurutu.</strong></span> <span class='ocrx_word' id='word_1_294' title='bbox 1276 3528 1353 3576; x_wconf 70' lang='lat' dir='ltr'><strong>Colo·</strong></span> 
     </span>
    </p>

    <p class='ocr_par' dir='ltr' id='par_1_11' title="bbox 289 3597 1354 3661">
     <span class='ocr_line' id='line_1_36' title="bbox 289 3597 1354 3661; baseline 0.005 -14"><span class='ocrx_word' id='word_1_295' title='bbox 289 3608 298 3632; x_wconf 86' lang='lat'>¹</span> <span class='ocrx_word' id='word_1_296' title='bbox 316 3599 493 3661; x_wconf 75' lang='lat' dir='ltr'><strong>Medicuminr&#39;a]</strong></span> <span class='ocrx_word' id='word_1_297' title='bbox 511 3599 576 3648; x_wconf 84' lang='lat' dir='ltr'><strong>Vide</strong></span> <span class='ocrx_word' id='word_1_298' title='bbox 590 3613 662 3648; x_wconf 81' lang='lat' dir='ltr'><strong>xxrr.</strong></span> <span class='ocrx_word' id='word_1_299' title='bbox 673 3602 714 3647; x_wconf 74' lang='lat' dir='ltr'><strong>tu.</strong></span> <span class='ocrx_word' id='word_1_300' title='bbox 825 3599 902 3648; x_wconf 79' lang='lat' dir='ltr'><strong>mella</strong></span> <span class='ocrx_word' id='word_1_301' title='bbox 914 3598 962 3648; x_wconf 87' lang='lat' dir='ltr'><strong>loc.</strong></span> <span class='ocrx_word' id='word_1_302' title='bbox 973 3598 1018 3648; x_wconf 87' lang='lat' dir='ltr'><strong>cit.</strong></span> <span class='ocrx_word' id='word_1_303' title='bbox 1031 3599 1062 3646; x_wconf 84' lang='lat' dir='ltr'><strong>de</strong></span> <span class='ocrx_word' id='word_1_304' title='bbox 1073 3597 1142 3648; x_wconf 80' lang='lat' dir='ltr'><strong>freno</strong></span> <span class='ocrx_word' id='word_1_305' title='bbox 1154 3600 1264 3650; x_wconf 79' lang='lat' dir='ltr'><strong>Graeco:</strong></span> <span class='ocrx_word' id='word_1_306' title='bbox 1282 3603 1354 3652; x_wconf 80' lang='lat' dir='ltr'><strong>‘Du-</strong></span> 
     </span>
    </p>

    <p class='ocr_par' dir='ltr' id='par_1_12' title="bbox 259 3674 1354 3816">
     <span class='ocr_line' id='line_1_37' title="bbox 291 3674 1354 3741; baseline 0.002 -16"><span class='ocrx_word' id='word_1_307' title='bbox 291 3676 454 3741; x_wconf 66' lang='lat' dir='ltr'><strong>turpiorum]</strong></span> <span class='ocrx_word' id='word_1_308' title='bbox 478 3677 578 3725; x_wconf 86' lang='lat' dir='ltr'><strong>Colum.</strong></span> <span class='ocrx_word' id='word_1_309' title='bbox 597 3676 631 3724; x_wconf 86' lang='lat' dir='ltr'><strong>de</strong></span> <span class='ocrx_word' id='word_1_310' title='bbox 651 3677 689 3724; x_wconf 88' lang='lat' dir='ltr'><strong>Re</strong></span> <span class='ocrx_word' id='word_1_311' title='bbox 711 3676 785 3724; x_wconf 81' lang='lat' dir='ltr'><strong>llnrt.</strong></span> <span class='ocrx_word' id='word_1_312' title='bbox 826 3680 867 3722; x_wconf 90' lang='lat' dir='ltr'><strong>tur</strong></span> <span class='ocrx_word' id='word_1_313' title='bbox 878 3685 967 3734; x_wconf 80' lang='lat' dir='ltr'><strong>open,</strong></span> <span class='ocrx_word' id='word_1_314' title='bbox 979 3681 1007 3722; x_wconf 88' lang='lat' dir='ltr'><strong>ut</strong></span> <span class='ocrx_word' id='word_1_315' title='bbox 1017 3674 1098 3735; x_wconf 74' lang='lat' dir='ltr'><strong>spiere</strong></span> <span class='ocrx_word' id='word_1_316' title='bbox 1110 3680 1179 3724; x_wconf 79' lang='lat' dir='ltr'><strong>terra</strong></span> <span class='ocrx_word' id='word_1_317' title='bbox 1189 3685 1288 3736; x_wconf 75' lang='lat' dir='ltr'><strong>aretur,</strong></span> <span class='ocrx_word' id='word_1_318' title='bbox 1306 3692 1354 3728; x_wconf 82' lang='lat' dir='ltr'><strong>uec</strong></span> 
     </span>
     <span class='ocr_line' id='line_1_38' title="bbox 259 3749 1353 3816; baseline 0 -14"><span class='ocrx_word' id='word_1_319' title='bbox 259 3765 291 3802; x_wconf 93' lang='grc' dir='ltr'><strong>ιι.</strong></span> <span class='ocrx_word' id='word_1_320' title='bbox 306 3755 345 3799; x_wconf 85' lang='lat' dir='ltr'><strong>ll.</strong></span> <span class='ocrx_word' id='word_1_321' title='bbox 358 3767 383 3812; x_wconf 90' lang='lat' dir='ltr'><strong>p.</strong></span> <span class='ocrx_word' id='word_1_322' title='bbox 394 3756 435 3800; x_wconf 80' lang='grc'><strong>64.</strong></span> <span class='ocrx_word' id='word_1_323' title='bbox 827 3755 912 3798; x_wconf 81' lang='lat' dir='ltr'><strong>temen</strong></span> <span class='ocrx_word' id='word_1_324' title='bbox 925 3749 992 3798; x_wconf 75' lang='lat' dir='ltr'><strong>ulter</strong></span> <span class='ocrx_word' id='word_1_325' title='bbox 1010 3762 1068 3797; x_wconf 75' lang='lat' dir='ltr'><strong>narn</strong></span> <span class='ocrx_word' id='word_1_326' title='bbox 1087 3749 1109 3798; x_wconf 84' lang='lat' dir='ltr'><strong>ri</strong></span> <span class='ocrx_word' id='word_1_327' title='bbox 1126 3751 1182 3812; x_wconf 81' lang='lat' dir='ltr'><strong>plue</strong></span> <span class='ocrx_word' id='word_1_328' title='bbox 1194 3762 1305 3816; x_wconf 74' lang='lat' dir='ltr'><strong>quatuor</strong></span> <span class='ocrx_word' id='word_1_329' title='bbox 1315 3754 1353 3802; x_wconf 83' lang='lat' dir='ltr'><strong>rti-</strong></span> 
     </span>
    </p>

    <p class='ocr_par' dir='ltr' id='par_1_13' title="bbox 259 3823 1353 4190">
     <span class='ocr_line' id='line_1_39' title="bbox 291 3823 1353 3890; baseline 0.004 -16"><span class='ocrx_word' id='word_1_330' title='bbox 291 3826 412 3874; x_wconf 82' lang='lat' dir='ltr'><strong>¹¹Martiu</strong></span> <span class='ocrx_word' id='word_1_331' title='bbox 434 3825 524 3887; x_wconf 74' lang='lat' dir='ltr'><strong>menae]</strong></span> <span class='ocrx_word' id='word_1_332' title='bbox 551 3826 650 3873; x_wconf 84' lang='lat' dir='ltr'><strong>Colum.</strong></span> <span class='ocrx_word' id='word_1_333' title='bbox 674 3824 723 3872; x_wconf 90' lang='lat' dir='ltr'><strong>luc.</strong></span> <span class='ocrx_word' id='word_1_334' title='bbox 741 3825 785 3874; x_wconf 86' lang='lat' dir='ltr'><strong>cit.</strong></span> <span class='ocrx_word' id='word_1_335' title='bbox 827 3825 887 3889; x_wconf 73' lang='lat' dir='ltr'><strong>gitis</strong></span> <span class='ocrx_word' id='word_1_336' title='bbox 898 3823 1050 3874; x_wconf 78' lang='lat' dir='ltr'><strong>adobrutum</strong></span> <span class='ocrx_word' id='word_1_337' title='bbox 1067 3833 1119 3887; x_wconf 78' lang='lat' dir='ltr'><strong>ert,</strong></span> <span class='ocrx_word' id='word_1_338' title='bbox 1136 3841 1223 3875; x_wconf 78' lang='lat' dir='ltr'><strong>nemen</strong></span> <span class='ocrx_word' id='word_1_339' title='bbox 1235 3828 1291 3890; x_wconf 73' lang='lat' dir='ltr'><strong>ejus</strong></span> <span class='ocrx_word' id='word_1_340' title='bbox 1303 3843 1353 3878; x_wconf 87' lang='lat' dir='ltr'><strong>non</strong></span> 
     </span>
     <span class='ocr_line' id='line_1_40' title="bbox 259 3898 1353 3966; baseline 0.003 -16"><span class='ocrx_word' id='word_1_341' title='bbox 259 3903 266 3929; x_wconf 87' lang='lat'>‘</span> <span class='ocrx_word' id='word_1_342' title='bbox 277 3902 392 3950; x_wconf 75' lang='lat' dir='ltr'><strong>Mensem</strong></span> <span class='ocrx_word' id='word_1_343' title='bbox 402 3902 525 3950; x_wconf 84' lang='lat' dir='ltr'><strong>Murtiunr</strong></span> <span class='ocrx_word' id='word_1_344' title='bbox 535 3902 680 3949; x_wconf 80' lang='lat' dir='ltr'><strong>rruiveruurn</strong></span> <span class='ocrx_word' id='word_1_345' title='bbox 691 3907 786 3963; x_wconf 81' lang='lat' dir='ltr'><strong>negant</strong></span> <span class='ocrx_word' id='word_1_346' title='bbox 827 3898 904 3948; x_wconf 76' lang='lat' dir='ltr'><strong>t&#39;ucile</strong></span> <span class='ocrx_word' id='word_1_347' title='bbox 914 3899 1014 3963; x_wconf 88' lang='lat' dir='ltr'><strong>prodit:</strong></span> <span class='ocrx_word' id='word_1_348' title='bbox 1028 3908 1135 3964; x_wconf 79' lang='lat' dir='ltr'><strong>propter</strong></span> <span class='ocrx_word' id='word_1_349' title='bbox 1146 3902 1215 3964; x_wconf 80' lang='lat' dir='ltr'><strong>quod</strong></span> <span class='ocrx_word' id='word_1_350' title='bbox 1227 3904 1353 3966; x_wconf 81' lang='lat' dir='ltr'><strong>nonnulli,</strong></span> 
     </span>
     <span class='ocr_line' id='line_1_41' title="bbox 261 3975 1352 4040; baseline 0.004 -18"><span class='ocrx_word' id='word_1_351' title='bbox 261 3977 379 4036; x_wconf 69' lang='lat' dir='ltr'><strong>agricole</strong></span> <span class='ocrx_word' id='word_1_352' title='bbox 401 3977 460 4024; x_wconf 86' lang='lat' dir='ltr'><strong>hnic</strong></span> <span class='ocrx_word' id='word_1_353' title='bbox 481 3976 603 4040; x_wconf 83' lang='lat' dir='ltr'><strong>legurnini</strong></span> <span class='ocrx_word' id='word_1_354' title='bbox 625 3977 784 4024; x_wconf 83' lang='lat' dir='ltr'><strong>convenire:</strong></span> <span class='ocrx_word' id='word_1_355' title='bbox 827 3975 974 4039; x_wconf 74' lang='lat' dir='ltr'><strong>prinsquam</strong></span> <span class='ocrx_word' id='word_1_356' title='bbox 997 3982 1093 4037; x_wconf 75' lang='lat' dir='ltr'><strong>cerunt,</strong></span> <span class='ocrx_word' id='word_1_357' title='bbox 1118 3976 1230 4025; x_wconf 69' lang='lat' dir='ltr'><strong>minimis</strong></span> <span class='ocrx_word' id='word_1_358' title='bbox 1259 3979 1352 4029; x_wconf 72' lang='lat' dir='ltr'><strong>aratris</strong></span> 
     </span>
     <span class='ocr_line' id='line_1_42' title="bbox 261 4049 1353 4114; baseline 0.005 -16"><span class='ocrx_word' id='word_1_359' title='bbox 261 4050 328 4113; x_wconf 87' lang='lat' dir='ltr'><strong>quod</strong></span> <span class='ocrx_word' id='word_1_360' title='bbox 351 4065 382 4100; x_wconf 86' lang='lat' dir='ltr'><strong>eo</strong></span> <span class='ocrx_word' id='word_1_361' title='bbox 403 4049 519 4113; x_wconf 82' lang='lat' dir='ltr'><strong>tenrp&#39;nre</strong></span> <span class='ocrx_word' id='word_1_362' title='bbox 540 4058 621 4099; x_wconf 84' lang='lat' dir='ltr'><strong>uatnnr</strong></span> <span class='ocrx_word' id='word_1_363' title='bbox 644 4051 731 4114; x_wconf 81' lang='lat' dir='ltr'><strong>pecori</strong></span> <span class='ocrx_word' id='word_1_364' title='bbox 754 4052 787 4100; x_wconf 83' lang='lat' dir='ltr'><strong>rit</strong></span> <span class='ocrx_word' id='word_1_365' title='bbox 827 4050 1002 4112; x_wconf 78' lang='lat' dir='ltr'><strong>proscindunt,</strong></span> <span class='ocrx_word' id='word_1_366' title='bbox 1020 4051 1146 4114; x_wconf 78' lang='lat' dir='ltr'><strong>utqneite</strong></span> <span class='ocrx_word' id='word_1_367' title='bbox 1161 4051 1266 4114; x_wconf 78' lang='lat' dir='ltr'><strong>jaciunt</strong></span> <span class='ocrx_word' id='word_1_368' title='bbox 1279 4054 1353 4104; x_wconf 75' lang='lat' dir='ltr'><strong>temi-</strong></span> 
     </span>
     <span class='ocr_line' id='line_1_43' title="bbox 261 4123 1202 4190; baseline 0.002 -16"><span class='ocrx_word' id='word_1_369' title='bbox 261 4123 376 4188; x_wconf 80' lang='lat' dir='ltr'><strong>noxium,</strong></span> <span class='ocrx_word' id='word_1_370' title='bbox 386 4133 412 4174; x_wconf 89' lang='lat' dir='ltr'><strong>et</strong></span> <span class='ocrx_word' id='word_1_371' title='bbox 424 4125 554 4188; x_wconf 71' lang='lat' dir='ltr'><strong>precipue</strong></span> <span class='ocrx_word' id='word_1_372' title='bbox 567 4124 660 4181; x_wconf 74' lang='lat' dir='ltr'><strong>bubus,</strong></span> <span class='ocrx_word' id='word_1_373' title='bbox 669 4139 732 4190; x_wconf 80' lang='lat' dir='ltr'><strong>quos</strong></span> <span class='ocrx_word' id='word_1_374' title='bbox 743 4139 787 4189; x_wconf 85' lang='lat' dir='ltr'><strong>pa·</strong></span> <span class='ocrx_word' id='word_1_375' title='bbox 827 4140 870 4188; x_wconf 85' lang='grc' dir='ltr'><strong>ιιι,</strong></span> <span class='ocrx_word' id='word_1_376' title='bbox 880 4132 906 4176; x_wconf 84' lang='lat' dir='ltr'><strong>et</strong></span> <span class='ocrx_word' id='word_1_377' title='bbox 919 4126 1025 4176; x_wconf 74' lang='lat' dir='ltr'><strong>surculis</strong></span> <span class='ocrx_word' id='word_1_378' title='bbox 1036 4125 1202 4176; x_wconf 71' lang='lat' dir='ltr'><strong>adobruunt.’</strong></span> 
     </span>
    </p>
   </div>
   <div class='ocr_carea' id='block_1_8' title="bbox 0 0 1518 4850">
    <p class='ocr_par' dir='ltr' id='par_1_14' title="bbox 0 0 1518 4850">
     <span class='ocr_line' id='line_1_44' title="bbox 0 0 1518 4850; baseline 0 0"><span class='ocrx_word' id='word_1_379' title='bbox 0 0 1518 4850; x_wconf 95' lang='lat' dir='ltr'><strong> </strong></span> 
     </span>
    </p>
   </div>
  </div>
 </body>
</html>
