2966 4850
423 379 508 428 uun.
532 377 631 426 nisu.
655 378 727 426 ura.
751 378 863 426 xrrrr.
884 361 938 425 43.
1104 395 1106 400 ,
1133 361 1219 428 286⁷

132 521 250 584 datum
266 525 505 603 purgatumque
528 519 692 600 subigitur
713 525 907 584 autumnoz'
930 536 1009 582 mox
1030 523 1168 590 aratum,
1184 527 1230 598 et·

131 627 283 684 occatum
298 622 471 701 integitur⁵
492 627 582 683 crate
597 621 712 684 iterum
739 639 778 682 ue
801 619 942 694 tertium,
965 621 1075 702 quinis
1098 619 1219 683 diebus

131 719 352 802 interpositis,
370 727 404 782 et
424 719 503 783 fimo
522 717 649 782 addito.
692 718 809 782 Poscit
831 723 942 782 autem
957 719 1085 782 siccum
1101 737 1218 783 succo·

132 840 282 901 sumque,
294 819 349 883 vel
361 821 500 900 riguum.
544 819 599 882 Ita
614 825 802 901 praeparato
827 820 944 881 seritur
959 838 1071 883 mense
1087 820 1182 883 Maio
1193 835 1221 882 :⁸

132 920 217 984 alias
233 920 363 1002 pruinis
380 920 537 983 obnoxia.
582 918 677 1002 Opus
703 925 753 981 est
767 918 928 982 densitate
950 920 1087 983 seminis
1108 921 1220 985 omnia

131 1021 304 1101 occupari,
319 1021 644 1102 internascentesque
668 1011 802 1081 herhas'
814 1019 960 1082 excludi.
1005 1020 1045 1084 ld
1059 1030 1221 1103 praestant

131 1120 164 1182 in
173 1119 294 1202 jugera
308 1119 418 1183 modia
440 1120 568 1184 vicena.
613 1118 838 1184 Movendumt
860 1139 901 1184 ne
925 1121 1091 1198 aduratur,
1117 1126 1261 1186 terra-s

131 1238 197 1300 que
212 1217 391 1301 protinus⁶
412 1219 516 1300 integi
541 1218 654 1282 dehet.
698 1219 735 1283 Si
761 1219 804 1282 sit
824 1219 993 1284 humidum
1021 1222 1127 1285 solum
1150 1225 1220 1286 her·

131 1318 306 1395 bosnmve,
321 1319 472 1394 vincitur,
491 1324 524 1382 et
545 1318 704 1382 desciscit
723 1319 757 1380 in
782 1326 922 1401 pratum.
967 1319 1048 1383 ideo
1070 1323 1220 1402 protinus

131 1418 310 1482 altitudine
334 1418 457 1482 unciali
480 1418 590 1482 herbis
614 1419 766 1482 omnihus
788 1418 957 1483 liberanda
971 1423 1032 1496 est,
1049 1439 1146 1484 manu
1162 1440 1221 1504 po·
1247 1447 1250 1454 ⁴

131 1518 212 1593 tius,
228 1537 330 1599 quam
355 1517 502 1583 sarculo.
546 1517 688 1581 Secutur
709 1518 870 1601 incipiens
893 1519 1018 1594 florere,
1042 1527 1074 1583 et
1088 1522 1220 1602 quoties

130 1616 292 1681 refloruit.
337 1619 378 1681 Id
402 1618 538 1682 sexies⁰
561 1618 670 1682 evenit
696 1637 757 1701 per
784 1637 905 1696 annes,
933 1639 1010 1683 cnm
1040 1621 1220 1696 minimum,

131 1722 260 1798 quater.
304 1718 345 1781 In
360 1738 472 1782 semen
486 1725 707 1782 maturescere
724 1717 929 1799 prohibenda
950 1724 1011 1794 ast,
1025 1723 1103 1802 quia
1115 1722 1220 1803 pahu-
1309 1802 1312 1809 Ι

129 1817 197 1880 lum
215 1818 330 1882 utilius
341 1825 394 1882 est
408 1838 511 1902 usque
526 1818 567 1881 ad
583 1819 765 1880 trimatum.
809 1817 921 1882 Vemo
944 1821 1006 1883 seri
1021 1827 1035 1853 '
1056 1821 1164 1895 dehet,
1180 1823 1220 1884 li·

130 1918 308 1998 berarique
330 1923 450 1983 ceteris
472 1918 599 1982 herbis:
623 1918 665 1982 ad
693 1919 870 1995 trimatum,
886 1920 1030 1982 marris*
1052 1920 1093 1982 ad
1110 1923 1220 1984 solum

129 2017 212 2080 radi.
259 2019 316 2082 Ita
343 2019 481 2102 reliquae
511 2017 620 2082 herbae
656 2020 818 2082 intereunt
850 2019 922 2084 sine
950 2021 1056 2102 ipsius
1085 2021 1220 2097 damno,

130 2125 268 2199 propter
293 2117 502 2182 altitudinem
528 2118 685 2182 radicum.
729 2119 766 2182 Si
789 2120 951 2184 evicerint
973 2119 1095 2198 herbae,
1117 2140 1220 2185 reme-

131 2218 223 2279 dium
248 2219 379 2281 uuicum
404 2225 455 2282 est
474 2217 607 2294 aratio,⁷
630 2218 756 2300 saepius
783 2219 951 2294 vertendo,
975 2218 1080 2282 donce
1106 2238 1221 2282 omnes

131 2317 208 2380 alim
227 2317 356 2380 radices
373 2319 542 2382 intereant.
590 2317 672 2380 Dari
683 2335 747 2380 non
765 2316 830 2381 ad*
853 2318 1041 2380 satietatem
1056 2317 1166 2394 dehet,
1177 2336 1219 2380 ne

589 2495 721 2515 ΙΙΙΙΙΙ
723 2494 766 2514 Μ

133 2614 214 2658 ceutt.
232 2609 346 2668 mm'eeim
364 2609 477 2659 Gronov.
496 2616 524 2658 et
541 2611 675 2672 aulem-⁵
692 2611 783 2672 ‘Lege
800 2623 815 2657 a
830 2609 928 2657 Colum.
949 2609 1041 2657 Martio
1058 2610 1181 2658 tertiatum
1198 2616 1221 2658 et

132 2678 236 2722 meatum
246 2672 382 2734 integitur!
396 2673 487 2722 Dulce.
510 2678 533 2722 et
542 2675 655 2722 oecultum
664 2674 782 2734 integitur
790 2671 873 2722 cetui
890 2673 993 2730 Mex‚et
1004 2673 1099 2720 tertium
1108 2674 1220 2722 Gronov.

99 2748 104 2754 ·
133 2746 159 2782 et
177 2735 263 2798 rnlgg.
280 2745 340 2784 aute
359 2735 535 2786 Eordaia—ti
552 2736 594 2784 lte
610 2737 772 2785 lietduini.
788 2740 812 2784 2.
825 2739 848 2784 ³.
861 2745 887 2784 et
899 2741 1007 2784 recentt.
1035 2736 1167 2784 Cauendum
1183 2750 1222 2797 ne,

133 2801 172 2860 ξι.
182 2799 297 2848 Gronov.
309 2806 336 2848 et
351 2802 437 2864 rulgg.
462 2801 606 2848 Manendum
616 2815 653 2858 ae,
670 2803 711 2861 tre.
727 2798 839 2848 Turneb.
872 2799 994 2848 Vindemia
1003 2799 1062 2846 dure
1073 2804 1136 2846 terre
1146 2799 1220 2859 preti-

133 2877 177 2910 aue
194 2863 446 2925 al.ep.l)rleeenrp.
474 2865 545 2921 Mox,
560 2863 649 2923 integri
665 2863 731 2912 debet
747 2861 859 2911 Turneb.
887 2861 1037 2923 Paulepert
1055 2861 1111 2909 lraec
1132 2861 1221 2922 verbe,

137 2925 270 2974 Vmoeeri
281 2927 358 2986 dedet,
374 2925 516 2989 meumque
532 2927 615 2975 ceteris
625 2927 718 2974 berbii:
733 2927 764 2974 ad
775 2925 903 2978 trinutum,
922 2939 953 2971 ex
972 2938 1060 2972 errore
1078 2924 1221 2986 typothetee

134 2989 230 3039 derunt
242 2991 268 3038 in
285 2989 326 3039 ed.
338 2991 497 3040 Breuem-⁷
513 2987 618 3039 ‘cuim
636 2988 749 3038 tnamrto.
772 2989 850 3052 Lege,
867 2989 893 3037 in
908 2987 1005 3037 uentre·
1022 2987 1162 3038 Dulce-8
1179 2987 1222 3037 Itu

628 3168 732 3220 NOTAE

131 3293 172 3344 hir
184 3293 286 3341 Colum.
297 3293 347 3341 lec.
358 3293 402 3341 eit.
697 3291 744 3340 eit.

164 3367 322 3431 filetum]
344 3367 419 3418 Circa
434 3366 565 3417 Kalendae
579 3367 657 3417 Oete-
729 3373 741 3397 t
761 3363 837 3414 Vtrae
856 3363 917 3428 rere]
938 3365 981 3415 lte
999 3366 1079 3416 etiem
1096 3367 1160 3416 Mu.
1177 3363 1222 3415 ee'd

129 3442 195 3502 brie,
206 3443 307 3492 Colum.
697 3439 786 3488 sarriri
793 3437 887 3488 malim.

164 3525 173 3549 ¹
190 3516 274 3565 Mense
284 3515 362 3578 Maio]
379 3517 470 3565 Merme
481 3516 571 3566 ultime
583 3515 659 3578 Apri·
731 3522 747 3546 ⁸⁷
763 3513 865 3575 Mareu]
891 3513 930 3562 De
942 3527 1023 3562 merra
1035 3513 1089 3562 dixi
1101 3512 1145 3562 lib.
1163 3528 1220 3575 sup.

128 3591 162 3648 li,
173 3591 275 3640 colam.
287 3594 314 3638 et
325 3590 425 3639 Pelled.
436 3588 480 3638 lib.
492 3603 518 3638 v.
530 3590 554 3637 in
568 3589 660 3652 Aprili,
700 3603 757 3652 erp.
769 3593 809 3638 tt.
825 3588 924 3636 Colum.
937 3588 985 3638 lec·
996 3589 1040 3636 eit.
1056 3588 1170 3651 ‘Atque
1192 3594 1222 3637 nt

128 3667 212 3715 tini.
700 3665 764 3724 dixi,
788 3664 879 3724 ligueir
906 3662 994 3711 rettrie
1018 3663 1174 3725 nutriendus,
1195 3671 1222 3712 et

163 3743 172 3773 ¹
188 3739 344 3801 Moemdam]
369 3741 463 3790 semen
480 3739 590 3800 scillcet,
609 3746 660 3787 ter·
699 3737 838 3787 identidem
850 3737 996 3786 runcandus
1011 3745 1059 3798 est,
1069 3753 1100 3786 ne
1116 3739 1222 3788 alteriue

126 3817 355 3867 recommissum.
390 3815 659 3865 lichimnencaem·
700 3813 800 3876 generis
826 3811 905 3862 herbe
931 3813 1069 3862 invalidum
1098 3815 1222 3862 medicam

124 3891 198 3954 dein,
210 3901 239 3941 ut
250 3892 325 3941 editi.
345 3892 443 3942 Colum.
459 3892 510 3940 lec.
520 3891 565 3940 cit.
579 3893 587 3919 ‘
599 3891 659 3954 Lig·
699 3893 825 3958 perimet?

124 3969 191 4017 nete
203 3965 341 4028 rattrle,id
353 3965 419 4014 enim
432 3966 537 4013 multum
550 3965 660 4027 coustrt,
730 3976 743 4001 ¹
764 3969 824 4016 Duri
844 3981 891 4016 aem
912 3965 955 4028 ad]
987 3967 1086 4016 Colum.
1107 3967 1158 4014 lec.
1177 3967 1223 4014 cit.

122 4044 219 4093 arctim
232 4043 307 4106 jacta
324 4040 421 4090 semiue
436 4039 586 4101 obruantur,
601 4054 659 4089 nam
699 4059 757 4107 pag.
779 4047 820 4092 cs.
850 4043 993 4091 ‘Teucrum
1010 4041 1133 4104 jumentis
1157 4055 1223 4102 prm·

122 4115 510 4172 celerrimesueadurunnn!
699 4118 770 4179 beas,
788 4117 833 4166 red
854 4119 922 4167 inter
940 4117 1014 4165 tetri·
1030 4117 1142 4178 parcius.
1161 4117 1221 4170 ‹lurn

161 4201 175 4230 ⁸
194 4193 225 4246 1r
235 4191 324 4256 sexies]
341 4191 439 4242 Colum
452 4197 479 4240 et
495 4189 597 4240 Pallae.
610 4190 659 4240 lec.
699 4199 877 4254 consilescunt,
899 4206 930 4241 ne
952 4191 1051 4240 novitas
1072 4191 1157 4254 pabuli
1178 4204 1222 4238 no·
