2966 4850
418 403 504 451 rtur.
528 403 626 453 llts't.
650 405 722 454 nro.
745 407 857 456 xvrrr.
878 393 933 458 3⁰.
1136 397 1221 462 2853

131 541 338 622 existimatu,
362 545 527 610 insomnia
549 565 682 630 quoquo
709 550 828 615 lacero.
872 551 926 617 Ob
940 553 1014 620 baec
1030 553 1222 639 Pythagori-

132 650 205 706 cae⁵
226 646 423 710 sentcntiae⁵
446 647 622 714 damnata:
645 658 684 714 ut
700 651 759 714 alii
774 652 949 732 tradidere,
965 658 1121 738 quoniam
1136 679 1223 724 ruor-

130 749 262 808 toorum
277 747 397 813 aniruae
416 751 530 814 sintin
547 771 598 816 ca.
643 750 721 830 Qua
736 752 778 817 dc
796 774 899 820 causa
915 758 1137 840 parentandot
1159 763 1223 824 uti-

132 865 197 926 que
213 849 406 911 assumitur.
443 848 551 914 Varro
567 858 600 915 et
620 853 663 916 ob
679 853 754 918 haec
776 854 940 920 flaminem
951 866 965 893 ¹¹
992 877 1115 922 canon
1131 863 1223 926 vesci

132 946 247 1023 tradit,
264 956 300 1011 ct
314 952 473 1030 quonium
488 951 615 1016 intloro
629 952 820 1036 ejuslitorae
836 958 989 1039 lugubres
1004 963 1223 1042 reperiantur.

133 1049 174 1111 In
189 1049 308 1113 cadom
333 1053 510 1132 peculiaris
524 1053 657 1134 religio:
681 1075 825 1139 uanique
845 1057 955 1123 fabum
977 1063 1125 1144 utiquoe
1153 1063 1223 1127 irrr-

132 1152 233 1231 gibus
247 1152 454 1217 resonomos
475 1161 527 1218 cst
542 1155 687 1237 auspicii
703 1175 817 1233 cansa,
839 1177 916 1241 quoa
938 1161 1015 1225 ideo
1037 1163 1224 1227 referiva⁶'

133 1253 336 1337 appellatur.
378 1255 423 1318 Et
438 1257 651 1320 auctionibus
681 1257 861 1322 adhiberet
885 1280 957 1324 caru
976 1262 1146 1328 lucrosum
1162 1283 1223 1347 pu-

590 1465 775 1492 mo

134 1613 204 1664 duitr.
219 1618 243 1662 l.
255 1618 277 1663 1.
290 1618 314 1664 1.
329 1615 422 1665 Miller.
439 1616 545 1678 Bipout.
562 1624 588 1666 et
605 1617 741 1668 uranu-o
758 1619 819 1669 ‘Ita
836 1619 911 1670 codd.
928 1621 1010 1684 Regg.
1027 1627 1049 1671 1.
1065 1622 1098 1672 a?
1115 1625 1224 1676 Brotier.

135 1678 177 1727 ltu
194 1694 297 1742 quoque
313 1677 395 1730 ctttffl.
420 1681 582 1744 Pythagorico
593 1683 708 1732 autentu
726 1683 841 1734 Gronov.
861 1693 888 1733 et
900 1686 933 1734 al.
945 1693 1010 1734 vett.
1022 1687 1082 1736 itoru
1095 1689 1223 1740 Hurduiu.

136 1748 158 1791 1.
171 1748 194 1792 2.
205 1747 229 1792 3.
238 1755 265 1792 et
275 1750 434 1794 reccath-fi
450 1746 494 1794 lta
504 1746 580 1794 codd.
588 1746 727 1809 llarduini,
736 1756 762 1796 et
773 1749 833 1798 edd.
842 1758 951 1799 receutt.
967 1751 1070 1809 roseriuu
1081 1753 1157 1802 codd.
1171 1757 1224 1804 Da·

134 1806 440 1858 lec.'1'urneb.et(3biffl.
455 1809 544 1869 refrico
558 1811 652 1872 salig.
667 1810 758 1870 rofi-iao
767 1813 881 1862 Gronov.
890 1823 917 1862 ct
928 1815 961 1861 al.
973 1821 1084 1864 vett—r
1097 1816 1140 1865 lta
1149 1819 1224 1868 codd.

136 1871 265 1920 Harduiul
275 1881 302 1922 ct
316 1871 398 1923 cntffi.
410 1889 466 1923 curu
479 1874 677 1926 edd.1·iarduiu.
689 1879 712 1926 1.
722 1881 748 1925 2.
759 1880 784 1926 1.
796 1886 825 1928 et
835 1885 943 1930 receutt.
954 1879 1060 1928 adhiberi
1072 1879 1184 1934 Gronov.
1197 1891 1225 1933 ct

628 2049 733 2125 Noun

137 2182 239 2242 κυάμους
255 2183 384 2241 ἀμβλύνειν
393 2185 436 2234 rhu
447 2185 541 2248 raphiae
556 2189 605 2236 τῦν
621 2189 661 2237 iu·
698 2187 830 2239 funeribus
842 2189 918 2240 datto.

137 2260 233 2308 θιόντον
248 2260 342 2310 abols-
363 2263 398 2310 th
416 2261 454 2312 καὶ
472 2263 604 2328 ἐμποδίζειν
619 2267 663 2316 τὰς
731 2271 743 2297 “
761 2265 903 2329 Flamiutm]
921 2265 1023 2316 Gellius
1035 2280 1064 2316 Χ.
1076 2271 1117 2315 tu.
1131 2280 1158 2330 p.
1169 2270 1225 2318 58⁰.

137 2335 288 2402 rbivoverplcr
300 2336 495 2402 ruptionuplrl
505 2340 552 2406 γὰρ
562 2359 661 2404 mupo·
700 2355 732 2388 ex
756 2339 829 2388 Fabii
850 2341 963 2390 Pictorlc
984 2340 1144 2390 Annalibus:
1162 2343 1227 2390 ‘Fa-

136 2410 224 2461 rdien.
701 2415 758 2463 baur
770 2430 855 2478 nequa
865 2424 971 2480 tangere
986 2417 1053 2465 Diali
1063 2430 1116 2464 mot
1128 2423 1227 2478 ert,ue·

166 2487 485 2554 ‘ObhoeoPythogoricaeJ
510 2490 663 2554 Pythagori·
700 2505 751 2554 qua
769 2490 916 2540 nominare)
950 2491 1014 2542 Quae
1034 2491 1115 2540 rerba
1136 2491 1229 2540 Fottut

138 2566 160 2612 ri
172 2566 279 2629 lrujusoe
296 2566 382 2626 placiti
400 2580 457 2630 quae
475 2569 664 2630 renuntiarit,
701 2567 884 2624 transcribetur,
906 2568 984 2618 etiarn
1006 2582 1097 2616 causae
1119 2567 1228 2630 adjicit:

139 2639 195 2688 iure
206 2640 354 2702 disputatur
371 2642 484 2690 astellio
496 2657 534 2692 tr.
548 2649 587 2692 tl.
606 2658 664 2708 ptg.
702 2642 786 2706 ‘quod
799 2656 830 2690 ee
842 2650 950 2706 putatur
968 2642 999 2692 ad
1018 2651 1133 2692 mortuos
1146 2643 1229 2706 perti·

138 2721 195 2766 196.
235 2717 310 2766 Facit
329 2733 386 2767 curu
410 2721 494 2768 Plinio
516 2721 666 2784 hpollouiur
701 2732 849 2768 nercrnaru
862 2727 889 2768 et
901 2720 1065 2768 lourrrralibrrt
1072 2721 1169 2783 jacitur
1180 2721 1230 2768 lar·

124 2793 209 2842 'Hirt
222 2793 322 2843 contar.
332 2808 355 2845 c.
366 2799 407 2844 16.
423 2803 450 2844 ot
466 2797 563 2846 'lulttur
575 2797 607 2844 da
620 2797 664 2846 Di·
702 2795 750 2857 vir,
774 2801 802 2844 at
813 2795 991 2858 parentalibus
1005 2794 1142 2843 adhibetur
1152 2795 1231 2842 caerl-

140 2871 192 2918 rlu.
202 2883 223 2918 t.
232 2875 274 2918 61.
292 2870 389 2921 ‘Jubet
401 2871 497 2932 Plato‚'
509 2873 600 2935 inquit,
610 2875 618 2900 ‘
629 2872 666 2921 rio
702 2867 776 2932 ficiit,
787 2876 814 2916 et
824 2870 850 2917 iu
862 2868 925 2917 flore
938 2871 993 2932 ejur
1013 2869 1093 2917 litere
1104 2883 1231 2932 apparere

139 2946 171 2995 td
183 2961 298 2994 aomuuru
312 2946 439 3009 proticisci
459 2947 608 3011 corporibus
628 2947 666 2996 ai·
703 2943 850 2993 ridentur.'·
861 2945 926 2993 Vide
935 2946 1034 2992 Eruuu.
1046 2943 1111 2994 cult.
1124 2958 1142 2993 r.
1153 2944 1231 2994 Ceut.

140 3019 227 3076 tectio,
242 3031 270 3069 ut
290 3022 350 3069 nihil
363 3023 396 3071 rit
406 3022 472 3086 quod
489 3037 601 3072 errorem
614 3023 667 3072 aui·
704 3037 723 3071 r.
737 3039 762 3084 p.
775 3027 813 3072 lt.
848 3021 931 3086 Adag.
947 3020 989 3070 ‘A
1006 3019 1072 3070 fabia
1084 3022 1232 3072 abiuncto?

140 3097 187 3146 ruis
204 3097 477 3162 perturbationemque
494 3097 594 3149 afferat.
627 3100 669 3148 Ex
704 3097 780 3146 Adde
796 3105 926 3147 auctorent
939 3097 1056 3161 Geopou.
1069 3101 1151 3146 ruth.
1170 3113 1230 3162 pag.

140 3187 190 3235 qno
212 3171 385 3236 Pythagoreis
406 3173 572 3223 interdictum
591 3180 667 3238 putu·
703 3176 745 3221 10.

143 3247 304 3305 rouretum
317 3257 493 3310 reicerentur,
511 3249 576 3313 quod
590 3251 668 3300 habet
734 3255 745 3281 '
766 3247 827 3302 ΟΜ
837 3247 889 3296 ideo
899 3247 1017 3310 reseriro]
1036 3247 1075 3296 lta
1086 3249 1152 3297 Mos.
1165 3249 1231 3313 Reg.

140 3321 298 3372 inflationem
319 3337 434 3386 maguam
459 3324 480 3371 ir
496 3324 579 3384 cibor,
599 3332 668 3373 tran·
705 3323 778 3374 colb.
788 3325 836 3372 Tb.
850 3337 899 3372 uou
911 3324 1009 3384 resriuu.
1035 3324 1147 3375 lieetrur
1163 3326 1231 3374 ‘Ro

143 3399 296 3464 quillitateur
310 3400 402 3447 urentis
417 3401 589 3462 querentibur
608 3415 669 3450 oon·
705 3398 783 3460 trina,
802 3399 856 3464 (rel
868 3399 970 3458 referiva
981 3399 1080 3462 potior)
1098 3398 1158 3448 tabu
1169 3401 1232 3449 dici·

144 3475 264 3524 trariaur.'
298 3475 332 3522 Et
344 3488 374 3523 rr.
387 3478 444 3522 llll.
461 3481 468 3503 ¹
481 3474 552 3523 Faba
565 3475 668 3536 quidem
706 3482 759 3538 tur,
769 3483 798 3524 ut
809 3475 845 3523 ait
856 3475 969 3530 Cinciur,
987 3489 1045 3538 quar
1058 3475 1090 3522 ad
1107 3474 1233 3523 haeritici·

142 3551 310 3615 Pythagorici
323 3551 587 3614 ntiqueabttiurrere:
607 3566 669 3614 qua·
705 3566 747 3600 uro
765 3549 857 3600 referri
878 3551 946 3599 tolet
965 3551 1066 3597 domuur
1085 3563 1117 3597 ex
1137 3555 1236 3613 regate·

143 3629 163 3677 ri
176 3642 238 3676 tero
249 3642 280 3676 eo
290 3628 349 3676 cibo
362 3641 441 3688 meur,
460 3641 509 3677 uon
527 3636 617 3676 venter
633 3629 669 3677 in·
706 3629 813 3690 auspicii
825 3641 910 3685 cautu,
920 3626 992 3689 quati
1010 3633 1116 3674 revocet
1132 3623 1231 3688 fruger.

143 3703 237 3754 fletur!
269 3703 359 3752 Trahit
376 3705 493 3752 alioeatu
513 3705 668 3766 Pythagora
706 3701 1040 3763 AEliurdubitptauaarit,
1057 3715 1114 3765 qna
1129 3704 1233 3764 prolata

143 3781 297 3830 tententiaru
308 3781 464 3829 Plutarchus
476 3780 508 3828 da
520 3781 603 3829 Educ.
615 3781 669 3829 Pn·
706 3779 732 3826 iu
744 3785 857 3839 tegetem
866 3779 967 3826 doruuru
978 3775 1117 3838 referatur,
1129 3793 1161 3827 au
1172 3793 1232 3842 quaa

144 3858 204 3916 eric,
226 3872 286 3921 pag.
300 3861 338 3906 lh.
355 3869 505 3922 tortumque
523 3857 548 3906 iu
571 3857 670 3907 Quart.
707 3853 857 3918 refrigatur,
873 3853 941 3916 qrrod
953 3859 993 3902 eat
1006 3861 1146 3902 torreatur.
1178 3853 1232 3903 Sed

145 3935 216 3984 Rutu.
230 3937 323 3998 pm.
706 3931 853 3991 opinionem
876 3929 958 3978 Cincii
981 3927 1095 3990 adjurat,
1115 3927 1183 3990 quod
1207 3927 1233 3978 iu

174 4008 364 4071 ‘Pureutaudd
381 4008 561 4058 Parentalibur
573 4008 667 4058 racrifi.
709 4005 842 4054 turritioilr
861 4004 979 4067 publicis,
998 4017 1055 4052 curn
1073 4003 1128 4065 pulo
1143 4002 1234 4052 fabata

145 4090 189 4139 oiir
200 4087 274 4137 fabar
288 4085 402 4135 adbiberi
414 4086 512 4146 solitar,
525 4085 616 4134 Fertur
631 4084 669 4135 ut'·
709 4080 770 4128 Diis
781 4077 867 4140 datur,
878 4079 1024 4128 nominatur
1035 4075 1148 4127 refriva?
1174 4078 1234 4138 Clu<

144 4165 238 4215 firmat.
271 4161 422 4213 Parentalia
440 4167 524 4211 autern
541 4163 625 4223 epula
643 4174 670 4210 e·
711 4156 751 4206 cio
764 4153 1033 4218 Pliniurartipnlatur.

145 4242 238 4293 rautiu
256 4245 391 4304 pareutum
408 4244 454 4287 aot
469 4237 670 4303 propinquorum
