<?xml version="1.0" encoding="UTF-8"?>
<!DOCTYPE html PUBLIC "-//W3C//DTD XHTML 1.0 Transitional//EN"
    "http://www.w3.org/TR/xhtml1/DTD/xhtml1-transitional.dtd">
<html xmlns="http://www.w3.org/1999/xhtml" xml:lang="en" lang="en">
 <head>
  <title>
</title>
<meta http-equiv="Content-Type" content="text/html;charset=utf-8" />
  <meta name='ocr-system' content='tesseract 3.04.00' />
  <meta name='ocr-capabilities' content='ocr_page ocr_carea ocr_par ocr_line ocrx_word'/>
</head>
<body>
  <div class='ocr_page' id='page_1' title='image "./cpliniisecundin00brotgoog_0144.png"; bbox 0 0 2990 4860; ppageno 0'>
   <div class='ocr_carea' id='block_1_1' title="bbox 441 395 1245 478">
    <p class='ocr_par' dir='ltr' id='par_1_1' title="bbox 441 395 1245 478">
     <span class='ocr_line' id='line_1_1' title="bbox 441 395 1245 478; baseline 0.006 -21"><span class='ocrx_word' id='word_1_1' title='bbox 441 410 530 458; x_wconf 71' lang='lat' dir='ltr'><strong>uir.</strong></span> <span class='ocrx_word' id='word_1_2' title='bbox 555 409 655 458; x_wconf 81' lang='lat' dir='ltr'><strong>nisu.</strong></span> <span class='ocrx_word' id='word_1_3' title='bbox 682 410 754 478; x_wconf 78' lang='lat' dir='ltr'><strong>ure.</strong></span> <span class='ocrx_word' id='word_1_4' title='bbox 777 409 892 458; x_wconf 80' lang='lat' dir='ltr'><strong>xviri.</strong></span> <span class='ocrx_word' id='word_1_5' title='bbox 913 395 967 460; x_wconf 73' lang='lat' dir='ltr'><strong>uu</strong></span> <span class='ocrx_word' id='word_1_6' title='bbox 1160 395 1245 462; x_wconf 72' lang='lat'><strong>2927</strong></span> 
     </span>
    </p>
   </div>
   <div class='ocr_carea' id='block_1_2' title="bbox 152 549 1307 1752">
    <p class='ocr_par' dir='ltr' id='par_1_2' title="bbox 152 549 1307 1650">
     <span class='ocr_line' id='line_1_2' title="bbox 154 549 1246 636; baseline 0.004 -20"><span class='ocrx_word' id='word_1_7' title='bbox 154 549 353 616; x_wconf 81' lang='lat' dir='ltr'><strong>Differentia</strong></span> <span class='ocrx_word' id='word_1_8' title='bbox 362 554 534 636; x_wconf 85' lang='lat' dir='ltr'><strong>utriusque</strong></span> <span class='ocrx_word' id='word_1_9' title='bbox 545 553 676 619; x_wconf 86' lang='lat' dir='ltr'><strong>hehitus</strong></span> <span class='ocrx_word' id='word_1_10' title='bbox 692 572 823 636; x_wconf 83' lang='lat' dir='ltr'><strong>magna,</strong></span> <span class='ocrx_word' id='word_1_11' title='bbox 839 553 896 618; x_wconf 89' lang='lat' dir='ltr'><strong>sed</strong></span> <span class='ocrx_word' id='word_1_12' title='bbox 910 553 1139 618; x_wconf 75' lang='lat' dir='ltr'><strong>manifestet²²</strong></span> <span class='ocrx_word' id='word_1_13' title='bbox 1155 573 1246 620; x_wconf 87' lang='lat' dir='ltr'><strong>nam·</strong></span> 
     </span>
     <span class='ocr_line' id='line_1_3' title="bbox 152 655 1245 739; baseline 0.002 -23"><span class='ocrx_word' id='word_1_14' title='bbox 152 672 218 734; x_wconf 86' lang='lat' dir='ltr'><strong>qne</strong></span> <span class='ocrx_word' id='word_1_15' title='bbox 246 655 425 721; x_wconf 90' lang='lat' dir='ltr'><strong>interlunio</strong></span> <span class='ocrx_word' id='word_1_16' title='bbox 449 663 565 720; x_wconf 86' lang='lat' dir='ltr'><strong>aestate</strong></span> <span class='ocrx_word' id='word_1_17' title='bbox 594 656 804 721; x_wconf 84' lang='lat' dir='ltr'><strong>calidissima</strong></span> <span class='ocrx_word' id='word_1_18' title='bbox 824 663 887 733; x_wconf 91' lang='lat' dir='ltr'><strong>est,</strong></span> <span class='ocrx_word' id='word_1_19' title='bbox 910 657 1024 739; x_wconf 80' lang='lat' dir='ltr'><strong>hyeme</strong></span> <span class='ocrx_word' id='word_1_20' title='bbox 1051 656 1170 736; x_wconf 82' lang='lat' dir='ltr'><strong>gelida.</strong></span> <span class='ocrx_word' id='word_1_21' title='bbox 1214 655 1245 719; x_wconf 88' lang='lat' dir='ltr'><strong>E</strong></span> 
     </span>
     <span class='ocr_line' id='line_1_4' title="bbox 153 754 1244 839; baseline 0.003 -22"><span class='ocrx_word' id='word_1_22' title='bbox 153 754 288 820; x_wconf 83' lang='lat' dir='ltr'><strong>diverso</strong></span> <span class='ocrx_word' id='word_1_23' title='bbox 299 761 323 802; x_wconf 80' lang='lat'><strong>²³</strong></span> <span class='ocrx_word' id='word_1_24' title='bbox 337 757 368 819; x_wconf 91' lang='lat' dir='ltr'><strong>in</strong></span> <span class='ocrx_word' id='word_1_25' title='bbox 383 756 566 839; x_wconf 79' lang='lat' dir='ltr'><strong>plenilunio</strong></span> <span class='ocrx_word' id='word_1_26' title='bbox 579 762 697 821; x_wconf 80' lang='lat' dir='ltr'><strong>aestate</strong></span> <span class='ocrx_word' id='word_1_27' title='bbox 712 756 848 837; x_wconf 76' lang='lat' dir='ltr'><strong>frigidas</strong></span> <span class='ocrx_word' id='word_1_28' title='bbox 863 757 945 826; x_wconf 83' lang='lat' dir='ltr'><strong>lacit</strong></span> <span class='ocrx_word' id='word_1_29' title='bbox 958 762 1117 833; x_wconf 83' lang='lat' dir='ltr'><strong>noctes,²⁴</strong></span> <span class='ocrx_word' id='word_1_30' title='bbox 1128 756 1244 839; x_wconf 81' lang='lat' dir='ltr'><strong>hyeme</strong></span> 
     </span>
     <span class='ocr_line' id='line_1_5' title="bbox 153 854 1307 938; baseline 0.003 -20"><span class='ocrx_word' id='word_1_31' title='bbox 153 854 296 938; x_wconf 87' lang='lat' dir='ltr'><strong>tepidas.</strong></span> <span class='ocrx_word' id='word_1_32' title='bbox 338 855 452 922; x_wconf 80' lang='lat' dir='ltr'><strong>Causa</strong></span> <span class='ocrx_word' id='word_1_33' title='bbox 472 858 633 922; x_wconf 85' lang='lat' dir='ltr'><strong>evidens:</strong></span> <span class='ocrx_word' id='word_1_34' title='bbox 657 857 717 921; x_wconf 88' lang='lat' dir='ltr'><strong>sed</strong></span> <span class='ocrx_word' id='word_1_35' title='bbox 747 859 815 922; x_wconf 86' lang='lat' dir='ltr'><strong>alie</strong></span> <span class='ocrx_word' id='word_1_36' title='bbox 824 864 850 904; x_wconf 82' lang='lat'><strong>²⁵</strong></span> <span class='ocrx_word' id='word_1_37' title='bbox 873 857 1021 922; x_wconf 83' lang='lat' dir='ltr'><strong>redditur</strong></span> <span class='ocrx_word' id='word_1_38' title='bbox 1044 857 1244 935; x_wconf 73' lang='lat' dir='ltr'><strong>ahbhieno,</strong></span> <span class='ocrx_word' id='word_1_39' title='bbox 1301 873 1307 882; x_wconf 86' lang='grc'><strong><em>·</em></strong></span> 
     </span>
     <span class='ocr_line' id='line_1_6' title="bbox 153 954 1245 1040; baseline 0.003 -20"><span class='ocrx_word' id='word_1_40' title='bbox 153 954 351 1040; x_wconf 77' lang='lat' dir='ltr'><strong>Graecisque</strong></span> <span class='ocrx_word' id='word_1_41' title='bbox 361 959 565 1022; x_wconf 77' lang='lat' dir='ltr'><strong>auctoribus.</strong></span> <span class='ocrx_word' id='word_1_42' title='bbox 609 959 741 1022; x_wconf 83' lang='lat' dir='ltr'><strong>AEstete</strong></span> <span class='ocrx_word' id='word_1_43' title='bbox 753 958 840 1022; x_wconf 88' lang='lat' dir='ltr'><strong>enim</strong></span> <span class='ocrx_word' id='word_1_44' title='bbox 855 958 1029 1024; x_wconf 87' lang='lat' dir='ltr'><strong>interlunio</strong></span> <span class='ocrx_word' id='word_1_45' title='bbox 1043 963 1245 1024; x_wconf 87' lang='lat' dir='ltr'><strong>necesseest</strong></span> 
     </span>
     <span class='ocr_line' id='line_1_7' title="bbox 153 1058 1243 1144; baseline 0.003 -23"><span class='ocrx_word' id='word_1_46' title='bbox 153 1076 228 1122; x_wconf 87' lang='lat' dir='ltr'><strong>eum</strong></span> <span class='ocrx_word' id='word_1_47' title='bbox 252 1058 331 1123; x_wconf 91' lang='lat' dir='ltr'><strong>Sole</strong></span> <span class='ocrx_word' id='word_1_48' title='bbox 346 1060 444 1122; x_wconf 91' lang='lat' dir='ltr'><strong>nobis</strong></span> <span class='ocrx_word' id='word_1_49' title='bbox 460 1060 617 1142; x_wconf 83' lang='lat' dir='ltr'><strong>proximu</strong></span> <span class='ocrx_word' id='word_1_50' title='bbox 630 1061 757 1124; x_wconf 89' lang='lat' dir='ltr'><strong>circulo</strong></span> <span class='ocrx_word' id='word_1_51' title='bbox 779 1067 900 1136; x_wconf 88' lang='lat' dir='ltr'><strong>curret,</strong></span> <span class='ocrx_word' id='word_1_52' title='bbox 915 1061 989 1141; x_wconf 80' lang='lat' dir='ltr'><strong>igne</strong></span> <span class='ocrx_word' id='word_1_53' title='bbox 1003 1061 1075 1144; x_wconf 89' lang='lat' dir='ltr'><strong>ejus</strong></span> <span class='ocrx_word' id='word_1_54' title='bbox 1090 1062 1243 1124; x_wconf 89' lang='lat' dir='ltr'><strong>cominus</strong></span> 
     </span>
     <span class='ocr_line' id='line_1_8' title="bbox 153 1160 1243 1245; baseline 0.005 -24"><span class='ocrx_word' id='word_1_55' title='bbox 153 1165 285 1241; x_wconf 85' lang='lat' dir='ltr'><strong>recepto</strong></span> <span class='ocrx_word' id='word_1_56' title='bbox 300 1160 466 1226; x_wconf 81' lang='lat' dir='ltr'><strong>condens:</strong></span> <span class='ocrx_word' id='word_1_57' title='bbox 489 1161 672 1245; x_wconf 87' lang='lat' dir='ltr'><strong>eademque</strong></span> <span class='ocrx_word' id='word_1_58' title='bbox 683 1160 858 1226; x_wconf 89' lang='lat' dir='ltr'><strong>interlunio</strong></span> <span class='ocrx_word' id='word_1_59' title='bbox 867 1163 956 1226; x_wconf 81' lang='lat' dir='ltr'><strong>absit</strong></span> <span class='ocrx_word' id='word_1_60' title='bbox 965 1161 1093 1244; x_wconf 88' lang='lat' dir='ltr'><strong>hyeme,</strong></span> <span class='ocrx_word' id='word_1_61' title='bbox 1109 1161 1243 1244; x_wconf 88' lang='lat' dir='ltr'><strong>quande</strong></span> 
     </span>
     <span class='ocr_line' id='line_1_9' title="bbox 154 1260 1243 1346; baseline 0.002 -23"><span class='ocrx_word' id='word_1_62' title='bbox 154 1260 306 1325; x_wconf 80' lang='lat' dir='ltr'><strong>abscedit</strong></span> <span class='ocrx_word' id='word_1_63' title='bbox 320 1267 354 1324; x_wconf 84' lang='lat' dir='ltr'><strong>et</strong></span> <span class='ocrx_word' id='word_1_64' title='bbox 367 1262 441 1326; x_wconf 89' lang='lat' dir='ltr'><strong>Sol.</strong></span> <span class='ocrx_word' id='word_1_65' title='bbox 483 1263 570 1328; x_wconf 91' lang='lat' dir='ltr'><strong>ltem</strong></span> <span class='ocrx_word' id='word_1_66' title='bbox 585 1265 772 1346; x_wconf 81' lang='lat' dir='ltr'><strong>plenilunio</strong></span> <span class='ocrx_word' id='word_1_67' title='bbox 787 1264 906 1329; x_wconf 85' lang='lat' dir='ltr'><strong>aestivo</strong></span> <span class='ocrx_word' id='word_1_68' title='bbox 928 1264 1045 1346; x_wconf 86' lang='lat' dir='ltr'><strong>procul</strong></span> <span class='ocrx_word' id='word_1_69' title='bbox 1066 1264 1167 1326; x_wconf 85' lang='lat' dir='ltr'><strong>ebeat</strong></span> <span class='ocrx_word' id='word_1_70' title='bbox 1183 1262 1243 1327; x_wconf 88' lang='lat' dir='ltr'><strong>ad-</strong></span> 
     </span>
     <span class='ocr_line' id='line_1_10' title="bbox 152 1362 1243 1447; baseline 0.003 -23"><span class='ocrx_word' id='word_1_71' title='bbox 152 1380 250 1426; x_wconf 84' lang='lat' dir='ltr'><strong>verse</strong></span> <span class='ocrx_word' id='word_1_72' title='bbox 279 1362 368 1428; x_wconf 87' lang='lat' dir='ltr'><strong>Seli:</strong></span> <span class='ocrx_word' id='word_1_73' title='bbox 392 1362 508 1447; x_wconf 88' lang='lat' dir='ltr'><strong>hyeme</strong></span> <span class='ocrx_word' id='word_1_74' title='bbox 534 1369 643 1430; x_wconf 86' lang='lat' dir='ltr'><strong>entem</strong></span> <span class='ocrx_word' id='word_1_75' title='bbox 665 1364 708 1431; x_wconf 84' lang='lat' dir='ltr'><strong>ed</strong></span> <span class='ocrx_word' id='word_1_76' title='bbox 737 1382 800 1426; x_wconf 90' lang='lat' dir='ltr'><strong>nos</strong></span> <span class='ocrx_word' id='word_1_77' title='bbox 826 1382 886 1445; x_wconf 90' lang='lat' dir='ltr'><strong>per</strong></span> <span class='ocrx_word' id='word_1_78' title='bbox 907 1364 1060 1428; x_wconf 86' lang='lat' dir='ltr'><strong>aestivum</strong></span> <span class='ocrx_word' id='word_1_79' title='bbox 1085 1363 1243 1428; x_wconf 88' lang='lat' dir='ltr'><strong>circulum</strong></span> 
     </span>
     <span class='ocr_line' id='line_1_11' title="bbox 152 1461 1243 1547; baseline 0.003 -22"><span class='ocrx_word' id='word_1_80' title='bbox 152 1461 300 1526; x_wconf 81' lang='lat' dir='ltr'><strong>accedat</strong></span> <span class='ocrx_word' id='word_1_81' title='bbox 330 1463 420 1546; x_wconf 85' lang='lat' dir='ltr'><strong>Ergo</strong></span> <span class='ocrx_word' id='word_1_82' title='bbox 434 1483 492 1546; x_wconf 90' lang='lat' dir='ltr'><strong>per</strong></span> <span class='ocrx_word' id='word_1_83' title='bbox 507 1485 544 1528; x_wconf 87' lang='lat' dir='ltr'><strong>se</strong></span> <span class='ocrx_word' id='word_1_84' title='bbox 559 1464 689 1530; x_wconf 85' lang='lat' dir='ltr'><strong>roscida</strong></span> <span class='ocrx_word' id='word_1_85' title='bbox 703 1464 838 1547; x_wconf 88' lang='lat' dir='ltr'><strong>quoties</strong></span> <span class='ocrx_word' id='word_1_86' title='bbox 849 1464 948 1546; x_wconf 80' lang='lat' dir='ltr'><strong>alget,</strong></span> <span class='ocrx_word' id='word_1_87' title='bbox 960 1463 1124 1528; x_wconf 85' lang='lat' dir='ltr'><strong>infinitum</strong></span> <span class='ocrx_word' id='word_1_88' title='bbox 1137 1483 1243 1546; x_wconf 86' lang='lat' dir='ltr'><strong>quen-</strong></span> 
     </span>
     <span class='ocr_line' id='line_1_12' title="bbox 152 1564 948 1650; baseline -0.001 -24"><span class='ocrx_word' id='word_1_89' title='bbox 152 1571 220 1627; x_wconf 89' lang='lat' dir='ltr'><strong>tum</strong></span> <span class='ocrx_word' id='word_1_90' title='bbox 233 1564 293 1629; x_wconf 87' lang='lat' dir='ltr'><strong>illo</strong></span> <span class='ocrx_word' id='word_1_91' title='bbox 308 1571 454 1648; x_wconf 87' lang='lat' dir='ltr'><strong>tempore</strong></span> <span class='ocrx_word' id='word_1_92' title='bbox 469 1565 622 1632; x_wconf 83' lang='lat' dir='ltr'><strong>cedentes</strong></span> <span class='ocrx_word' id='word_1_93' title='bbox 637 1566 773 1650; x_wconf 88' lang='lat' dir='ltr'><strong>pruinas</strong></span> <span class='ocrx_word' id='word_1_94' title='bbox 788 1566 948 1648; x_wconf 76' lang='lat' dir='ltr'><strong>congelat.</strong></span> 
     </span>
    </p>

    <p class='ocr_par' dir='ltr' id='par_1_3' title="bbox 195 1664 1243 1752">
     <span class='ocr_line' id='line_1_13' title="bbox 195 1664 1243 1752; baseline 0.004 -24"><span class='ocrx_word' id='word_1_95' title='bbox 195 1681 307 1730; x_wconf 72' lang='grc' dir='ltr'><strong>ιω.</strong></span> <span class='ocrx_word' id='word_1_96' title='bbox 329 1664 416 1730; x_wconf 84' lang='lat' dir='ltr'><strong>Ante</strong></span> <span class='ocrx_word' id='word_1_97' title='bbox 438 1669 549 1731; x_wconf 82' lang='lat' dir='ltr'><strong>omnia</strong></span> <span class='ocrx_word' id='word_1_98' title='bbox 563 1675 673 1732; x_wconf 87' lang='lat' dir='ltr'><strong>autem</strong></span> <span class='ocrx_word' id='word_1_99' title='bbox 689 1666 757 1730; x_wconf 93' lang='lat' dir='ltr'><strong>duo</strong></span> <span class='ocrx_word' id='word_1_100' title='bbox 771 1685 889 1749; x_wconf 80' lang='lat' dir='ltr'><strong>genere</strong></span> <span class='ocrx_word' id='word_1_101' title='bbox 904 1685 978 1731; x_wconf 89' lang='lat' dir='ltr'><strong>esse</strong></span> <span class='ocrx_word' id='word_1_102' title='bbox 992 1667 1137 1732; x_wconf 87' lang='lat' dir='ltr'><strong>coelestis</strong></span> <span class='ocrx_word' id='word_1_103' title='bbox 1157 1668 1243 1752; x_wconf 88' lang='lat' dir='ltr'><strong>inju-</strong></span> 
     </span>
    </p>
   </div>
   <div class='ocr_carea' id='block_1_3' title="bbox 36 1767 1243 1854">
    <p class='ocr_par' dir='ltr' id='par_1_4' title="bbox 36 1767 1243 1854">
     <span class='ocr_line' id='line_1_14' title="bbox 36 1767 1243 1854; baseline 0.004 -25"><span class='ocrx_word' id='word_1_104' title='bbox 36 1835 43 1854; x_wconf 42' lang='grc'>,</span> <span class='ocrx_word' id='word_1_105' title='bbox 150 1767 211 1830; x_wconf 79' lang='lat' dir='ltr'><strong>rim</strong></span> <span class='ocrx_word' id='word_1_106' title='bbox 235 1767 423 1832; x_wconf 85' lang='lat' dir='ltr'><strong>meminisse</strong></span> <span class='ocrx_word' id='word_1_107' title='bbox 438 1767 606 1832; x_wconf 86' lang='lat' dir='ltr'><strong>debemus.</strong></span> <span class='ocrx_word' id='word_1_108' title='bbox 651 1768 763 1833; x_wconf 89' lang='lat' dir='ltr'><strong>Unum</strong></span> <span class='ocrx_word' id='word_1_109' title='bbox 789 1768 880 1850; x_wconf 89' lang='lat' dir='ltr'><strong>quod</strong></span> <span class='ocrx_word' id='word_1_110' title='bbox 905 1777 1121 1850; x_wconf 86' lang='lat' dir='ltr'><strong>tempestates</strong></span> <span class='ocrx_word' id='word_1_111' title='bbox 1142 1789 1243 1834; x_wconf 83' lang='lat' dir='ltr'><strong>vocu-</strong></span> 
     </span>
    </p>
   </div>
   <div class='ocr_carea' id='block_1_4' title="bbox 150 1867 1280 2255">
    <p class='ocr_par' dir='ltr' id='par_1_5' title="bbox 150 1867 1280 2255">
     <span class='ocr_line' id='line_1_15' title="bbox 152 1867 1243 1953; baseline 0.004 -23"><span class='ocrx_word' id='word_1_112' title='bbox 152 1885 238 1943; x_wconf 89' lang='lat' dir='ltr'><strong>mus‚</strong></span> <span class='ocrx_word' id='word_1_113' title='bbox 260 1867 432 1950; x_wconf 89' lang='lat' dir='ltr'><strong>inquibus</strong></span> <span class='ocrx_word' id='word_1_114' title='bbox 453 1868 639 1951; x_wconf 80' lang='lat' dir='ltr'><strong>grandines,</strong></span> <span class='ocrx_word' id='word_1_115' title='bbox 661 1870 831 1952; x_wconf 81' lang='lat' dir='ltr'><strong>procelloe,</strong></span> <span class='ocrx_word' id='word_1_116' title='bbox 855 1875 1029 1953; x_wconf 86' lang='lat' dir='ltr'><strong>ceteraque</strong></span> <span class='ocrx_word' id='word_1_117' title='bbox 1051 1871 1174 1936; x_wconf 83' lang='lat' dir='ltr'><strong>similia</strong></span> <span class='ocrx_word' id='word_1_118' title='bbox 1194 1871 1243 1934; x_wconf 90' lang='lat' dir='ltr'><strong>in·</strong></span> 
     </span>
     <span class='ocr_line' id='line_1_16' title="bbox 151 1968 1240 2054; baseline 0.001 -22"><span class='ocrx_word' id='word_1_119' title='bbox 151 1968 357 2050; x_wconf 78' lang='lat' dir='ltr'><strong>telliguntnr:</strong></span> <span class='ocrx_word' id='word_1_120' title='bbox 380 1989 455 2052; x_wconf 75' lang='lat' dir='ltr'><strong>quat</strong></span> <span class='ocrx_word' id='word_1_121' title='bbox 478 1989 554 2034; x_wconf 89' lang='lat' dir='ltr'><strong>cum</strong></span> <span class='ocrx_word' id='word_1_122' title='bbox 577 1971 771 2050; x_wconf 89' lang='lat' dir='ltr'><strong>acciderint,</strong></span> <span class='ocrx_word' id='word_1_123' title='bbox 793 1972 846 2035; x_wconf 85' lang='lat' dir='ltr'><strong>vis</strong></span> <span class='ocrx_word' id='word_1_124' title='bbox 875 1971 1003 2054; x_wconf 79' lang='lat' dir='ltr'><strong>maj0r⁸</strong></span> <span class='ocrx_word' id='word_1_125' title='bbox 1029 1971 1240 2054; x_wconf 60' lang='lat' dir='ltr'><strong>appellatura</strong></span> 
     </span>
     <span class='ocr_line' id='line_1_17' title="bbox 151 2068 1280 2156; baseline 0.005 -25"><span class='ocrx_word' id='word_1_126' title='bbox 151 2068 241 2133; x_wconf 81' lang='lat' dir='ltr'><strong>Haec</strong></span> <span class='ocrx_word' id='word_1_127' title='bbox 254 2071 296 2134; x_wconf 91' lang='lat' dir='ltr'><strong>ab</strong></span> <span class='ocrx_word' id='word_1_128' title='bbox 312 2069 454 2135; x_wconf 84' lang='lat' dir='ltr'><strong>horridis</strong></span> <span class='ocrx_word' id='word_1_129' title='bbox 466 2071 631 2136; x_wconf 85' lang='lat' dir='ltr'><strong>sideribus</strong></span> <span class='ocrx_word' id='word_1_130' title='bbox 646 2080 781 2151; x_wconf 87' lang='lat' dir='ltr'><strong>exeunt,</strong></span> <span class='ocrx_word' id='word_1_131' title='bbox 804 2079 843 2137; x_wconf 90' lang='lat' dir='ltr'><strong>nt</strong></span> <span class='ocrx_word' id='word_1_132' title='bbox 857 2074 985 2156; x_wconf 68' lang='lat' dir='ltr'><strong>sepius</strong></span> <span class='ocrx_word' id='word_1_133' title='bbox 996 2073 1154 2150; x_wconf 86' lang='lat' dir='ltr'><strong>diximus,</strong></span> <span class='ocrx_word' id='word_1_134' title='bbox 1170 2071 1242 2136; x_wconf 86' lang='lat' dir='ltr'><strong>vel·</strong></span> <span class='ocrx_word' id='word_1_135' title='bbox 1276 2148 1280 2156; x_wconf 36' lang='grc'>,</span> 
     </span>
     <span class='ocr_line' id='line_1_18' title="bbox 150 2169 1243 2255; baseline 0.003 -22"><span class='ocrx_word' id='word_1_136' title='bbox 150 2170 197 2234; x_wconf 91' lang='lat' dir='ltr'><strong>uti</strong></span> <span class='ocrx_word' id='word_1_137' title='bbox 212 2169 370 2248; x_wconf 80' lang='lat' dir='ltr'><strong>Arcturo,</strong></span> <span class='ocrx_word' id='word_1_138' title='bbox 393 2171 529 2250; x_wconf 89' lang='lat' dir='ltr'><strong>Orione,</strong></span> <span class='ocrx_word' id='word_1_139' title='bbox 553 2173 688 2239; x_wconf 87' lang='lat' dir='ltr'><strong>Hoedis.</strong></span> <span class='ocrx_word' id='word_1_140' title='bbox 731 2170 811 2238; x_wconf 83' lang='lat' dir='ltr'><strong>Alia</strong></span> <span class='ocrx_word' id='word_1_141' title='bbox 836 2174 994 2248; x_wconf 80' lang='lat' dir='ltr'><strong>sentilla,</strong></span> <span class='ocrx_word' id='word_1_142' title='bbox 1018 2192 1096 2255; x_wconf 87' lang='lat' dir='ltr'><strong>quee</strong></span> <span class='ocrx_word' id='word_1_143' title='bbox 1126 2173 1243 2236; x_wconf 90' lang='lat' dir='ltr'><strong>silente</strong></span> 
     </span>
    </p>
   </div>
   <div class='ocr_carea' id='block_1_5' title="bbox 26 2271 1242 2356">
    <p class='ocr_par' dir='ltr' id='par_1_6' title="bbox 26 2271 1242 2356">
     <span class='ocr_line' id='line_1_19' title="bbox 26 2271 1242 2356; baseline 0.001 -22"><span class='ocrx_word' id='word_1_144' title='bbox 26 2312 33 2326; x_wconf 50' lang='grc' dir='ltr'><em>ι</em></span> <span class='ocrx_word' id='word_1_145' title='bbox 149 2271 239 2334; x_wconf 91' lang='lat' dir='ltr'><strong>coelo</strong></span> <span class='ocrx_word' id='word_1_146' title='bbox 268 2273 459 2356; x_wconf 88' lang='lat' dir='ltr'><strong>serenisque</strong></span> <span class='ocrx_word' id='word_1_147' title='bbox 475 2275 629 2339; x_wconf 88' lang='lat' dir='ltr'><strong>noctibus</strong></span> <span class='ocrx_word' id='word_1_148' title='bbox 650 2273 744 2350; x_wconf 86' lang='lat' dir='ltr'><strong>liunt,</strong></span> <span class='ocrx_word' id='word_1_149' title='bbox 766 2273 859 2338; x_wconf 89' lang='lat' dir='ltr'><strong>nullo</strong></span> <span class='ocrx_word' id='word_1_150' title='bbox 882 2275 1053 2350; x_wconf 86' lang='lat' dir='ltr'><strong>sentiente,</strong></span> <span class='ocrx_word' id='word_1_151' title='bbox 1075 2273 1138 2335; x_wconf 91' lang='lat' dir='ltr'><strong>nisi</strong></span> <span class='ocrx_word' id='word_1_152' title='bbox 1163 2291 1242 2336; x_wconf 91' lang='lat' dir='ltr'><strong>cum</strong></span> 
     </span>
    </p>
   </div>
   <div class='ocr_carea' id='block_1_6' title="bbox 145 2371 1290 2964">
    <p class='ocr_par' dir='ltr' id='par_1_7' title="bbox 145 2371 1290 2964">
     <span class='ocr_line' id='line_1_20' title="bbox 146 2371 1240 2457; baseline 0.001 -22"><span class='ocrx_word' id='word_1_153' title='bbox 146 2371 237 2436; x_wconf 85' lang='lat' dir='ltr'><strong>facte</strong></span> <span class='ocrx_word' id='word_1_154' title='bbox 252 2378 339 2437; x_wconf 86' lang='lat' dir='ltr'><strong>sunt.</strong></span> <span class='ocrx_word' id='word_1_155' title='bbox 370 2374 513 2439; x_wconf 84' lang='lat' dir='ltr'><strong>Publice</strong></span> <span class='ocrx_word' id='word_1_156' title='bbox 527 2375 612 2452; x_wconf 84' lang='lat' dir='ltr'><strong>haec,</strong></span> <span class='ocrx_word' id='word_1_157' title='bbox 634 2382 669 2440; x_wconf 89' lang='lat' dir='ltr'><strong>et</strong></span> <span class='ocrx_word' id='word_1_158' title='bbox 681 2393 810 2456; x_wconf 73' lang='lat' dir='ltr'><strong>megum</strong></span> <span class='ocrx_word' id='word_1_159' title='bbox 823 2374 1014 2442; x_wconf 71' lang='lat' dir='ltr'><strong>differentiae</strong></span> <span class='ocrx_word' id='word_1_160' title='bbox 1028 2375 1240 2457; x_wconf 75' lang='lat' dir='ltr'><strong>aptioribus,</strong></span> 
     </span>
     <span class='ocr_line' id='line_1_21' title="bbox 148 2474 1241 2559; baseline 0 -22"><span class='ocrx_word' id='word_1_161' title='bbox 148 2474 225 2538; x_wconf 89' lang='lat' dir='ltr'><strong>aliis</strong></span> <span class='ocrx_word' id='word_1_162' title='bbox 247 2475 443 2558; x_wconf 85' lang='lat' dir='ltr'><strong>rubiginem,</strong></span> <span class='ocrx_word' id='word_1_163' title='bbox 469 2476 546 2540; x_wconf 87' lang='lat' dir='ltr'><strong>eliis</strong></span> <span class='ocrx_word' id='word_1_164' title='bbox 569 2477 747 2553; x_wconf 88' lang='lat' dir='ltr'><strong>uredinem,</strong></span> <span class='ocrx_word' id='word_1_165' title='bbox 770 2475 846 2540; x_wconf 85' lang='lat' dir='ltr'><strong>aliis</strong></span> <span class='ocrx_word' id='word_1_166' title='bbox 870 2475 1110 2540; x_wconf 79' lang='lat' dir='ltr'><strong>carbunculum</strong></span> <span class='ocrx_word' id='word_1_167' title='bbox 1124 2475 1241 2559; x_wconf 80' lang='lat' dir='ltr'><strong>appel·</strong></span> 
     </span>
     <span class='ocr_line' id='line_1_22' title="bbox 145 2575 1240 2654; baseline 0.002 -16"><span class='ocrx_word' id='word_1_168' title='bbox 145 2575 308 2654; x_wconf 86' lang='lat' dir='ltr'><strong>lantibus,</strong></span> <span class='ocrx_word' id='word_1_169' title='bbox 329 2578 482 2640; x_wconf 88' lang='lat' dir='ltr'><strong>omnihus</strong></span> <span class='ocrx_word' id='word_1_170' title='bbox 496 2595 575 2642; x_wconf 89' lang='lat' dir='ltr'><strong>vero</strong></span> <span class='ocrx_word' id='word_1_171' title='bbox 588 2577 805 2641; x_wconf 74' lang='lat' dir='ltr'><strong>sterilitatem.</strong></span> <span class='ocrx_word' id='word_1_172' title='bbox 849 2575 903 2638; x_wconf 91' lang='lat' dir='ltr'><strong>De</strong></span> <span class='ocrx_word' id='word_1_173' title='bbox 914 2575 967 2640; x_wconf 88' lang='lat' dir='ltr'><strong>his</strong></span> <span class='ocrx_word' id='word_1_174' title='bbox 976 2595 1063 2640; x_wconf 87' lang='lat' dir='ltr'><strong>nunc</strong></span> <span class='ocrx_word' id='word_1_175' title='bbox 1075 2575 1240 2651; x_wconf 90' lang='lat' dir='ltr'><strong>dicemus,</strong></span> 
     </span>
     <span class='ocr_line' id='line_1_23' title="bbox 147 2675 1111 2760; baseline 0.003 -23"><span class='ocrx_word' id='word_1_176' title='bbox 147 2693 169 2737; x_wconf 84' lang='lat' dir='ltr'><strong>e</strong></span> <span class='ocrx_word' id='word_1_177' title='bbox 182 2675 274 2740; x_wconf 91' lang='lat' dir='ltr'><strong>nullo</strong></span> <span class='ocrx_word' id='word_1_178' title='bbox 289 2686 365 2741; x_wconf 85' lang='lat' dir='ltr'><strong>ente</strong></span> <span class='ocrx_word' id='word_1_179' title='bbox 380 2697 440 2740; x_wconf 89' lang='lat' dir='ltr'><strong>nos</strong></span> <span class='ocrx_word' id='word_1_180' title='bbox 451 2677 590 2760; x_wconf 85' lang='lat' dir='ltr'><strong>prodite,</strong></span> <span class='ocrx_word' id='word_1_181' title='bbox 614 2679 770 2760; x_wconf 89' lang='lat' dir='ltr'><strong>priusque</strong></span> <span class='ocrx_word' id='word_1_182' title='bbox 786 2695 908 2740; x_wconf 84' lang='lat' dir='ltr'><strong>causas</strong></span> <span class='ocrx_word' id='word_1_183' title='bbox 923 2675 1111 2740; x_wconf 88' lang='lat' dir='ltr'><strong>reddemus.</strong></span> 
     </span>
     <span class='ocr_line' id='line_1_24' title="bbox 188 2775 1241 2862; baseline -0.002 -20"><span class='ocrx_word' id='word_1_184' title='bbox 188 2775 340 2861; x_wconf 84' lang='lat' dir='ltr'><strong>(xxix.)</strong></span> <span class='ocrx_word' id='word_1_185' title='bbox 362 2778 447 2843; x_wconf 89' lang='lat' dir='ltr'><strong>Duae</strong></span> <span class='ocrx_word' id='word_1_186' title='bbox 459 2784 535 2843; x_wconf 89' lang='lat' dir='ltr'><strong>sunt</strong></span> <span class='ocrx_word' id='word_1_187' title='bbox 550 2787 670 2862; x_wconf 87' lang='lat' dir='ltr'><strong>praeter</strong></span> <span class='ocrx_word' id='word_1_188' title='bbox 682 2780 844 2854; x_wconf 83' lang='lat' dir='ltr'><strong>lunarem,</strong></span> <span class='ocrx_word' id='word_1_189' title='bbox 860 2777 1045 2860; x_wconf 83' lang='lat' dir='ltr'><strong>paucisque</strong></span> <span class='ocrx_word' id='word_1_190' title='bbox 1060 2777 1137 2842; x_wconf 87' lang='lat' dir='ltr'><strong>coeli</strong></span> <span class='ocrx_word' id='word_1_191' title='bbox 1155 2778 1241 2840; x_wconf 88' lang='lat' dir='ltr'><strong>locis</strong></span> 
     </span>
     <span class='ocr_line' id='line_1_25' title="bbox 146 2873 1290 2964; baseline -0.003 -22"><span class='ocrx_word' id='word_1_192' title='bbox 146 2884 309 2944; x_wconf 86' lang='lat' dir='ltr'><strong>constant.</strong></span> <span class='ocrx_word' id='word_1_193' title='bbox 354 2877 510 2964; x_wconf 80' lang='lat' dir='ltr'><strong>Namque</strong></span> <span class='ocrx_word' id='word_1_194' title='bbox 526 2879 685 2962; x_wconf 77' lang='lat' dir='ltr'><strong>Vergiliae</strong></span> <span class='ocrx_word' id='word_1_195' title='bbox 695 2878 1021 2963; x_wconf 82' lang='lat' dir='ltr'><strong>privatimettinent²</strong></span> <span class='ocrx_word' id='word_1_196' title='bbox 1043 2876 1085 2940; x_wconf 86' lang='lat' dir='ltr'><strong>ad</strong></span> <span class='ocrx_word' id='word_1_197' title='bbox 1102 2876 1238 2956; x_wconf 84' lang='lat' dir='ltr'><strong>fructus,</strong></span> <span class='ocrx_word' id='word_1_198' title='bbox 1287 2873 1290 2877; x_wconf 80' lang='grc'><strong>’</strong></span> 
     </span>
    </p>
   </div>
   <div class='ocr_carea' id='block_1_7' title="bbox 601 3055 781 3076">
    <p class='ocr_par' dir='ltr' id='par_1_8' title="bbox 601 3055 781 3076">
     <span class='ocr_line' id='line_1_26' title="bbox 601 3055 781 3076; baseline -0.017 0"><span class='ocrx_word' id='word_1_199' title='bbox 601 3055 781 3076; x_wconf 58' lang='lat' dir='ltr'><strong>mooun</strong></span> 
     </span>
    </p>
   </div>
   <div class='ocr_carea' id='block_1_8' title="bbox 140 3185 1242 3574">
    <p class='ocr_par' dir='ltr' id='par_1_9' title="bbox 140 3185 1242 3574">
     <span class='ocr_line' id='line_1_27' title="bbox 144 3185 1240 3247; baseline 0.003 -14"><span class='ocrx_word' id='word_1_200' title='bbox 144 3200 243 3247; x_wconf 68' lang='lat' dir='ltr'><strong>nme,</strong></span> <span class='ocrx_word' id='word_1_201' title='bbox 257 3191 281 3234; x_wconf 86' lang='lat' dir='ltr'><strong>et</strong></span> <span class='ocrx_word' id='word_1_202' title='bbox 297 3186 494 3246; x_wconf 59' lang='lat' dir='ltr'><strong>maistam-28</strong></span> <span class='ocrx_word' id='word_1_203' title='bbox 512 3189 535 3236; x_wconf 81' lang='grc' dir='ltr'><em>Ε</em></span> <span class='ocrx_word' id='word_1_204' title='bbox 550 3188 668 3238; x_wconf 68' lang='lat' dir='ltr'><strong>emim-io</strong></span> <span class='ocrx_word' id='word_1_205' title='bbox 686 3187 745 3237; x_wconf 84' lang='lat' dir='ltr'><strong>cod.</strong></span> <span class='ocrx_word' id='word_1_206' title='bbox 764 3187 920 3238; x_wconf 72' lang='lat' dir='ltr'><strong>natm-m</strong></span> <span class='ocrx_word' id='word_1_207' title='bbox 938 3187 982 3236; x_wconf 80' lang='lat' dir='ltr'><strong>Ita</strong></span> <span class='ocrx_word' id='word_1_208' title='bbox 993 3202 1025 3234; x_wconf 79' lang='lat' dir='ltr'><strong>rx</strong></span> <span class='ocrx_word' id='word_1_209' title='bbox 1037 3185 1112 3236; x_wconf 86' lang='lat' dir='ltr'><strong>codd.</strong></span> <span class='ocrx_word' id='word_1_210' title='bbox 1128 3185 1240 3236; x_wconf 72' lang='lat' dir='ltr'><strong>liutdul-</strong></span> 
     </span>
     <span class='ocr_line' id='line_1_28' title="bbox 144 3251 1242 3326; baseline 0.005 -29"><span class='ocrx_word' id='word_1_211' title='bbox 144 3265 193 3326; x_wconf 79' lang='lat' dir='ltr'><strong>nus</strong></span> <span class='ocrx_word' id='word_1_212' title='bbox 211 3258 239 3298; x_wconf 88' lang='lat' dir='ltr'><strong>et</strong></span> <span class='ocrx_word' id='word_1_213' title='bbox 259 3259 367 3300; x_wconf 75' lang='lat' dir='ltr'><strong>recenti.</strong></span> <span class='ocrx_word' id='word_1_214' title='bbox 388 3253 481 3314; x_wconf 72' lang='lat' dir='ltr'><strong>gelidas</strong></span> <span class='ocrx_word' id='word_1_215' title='bbox 490 3252 554 3312; x_wconf 75' lang='lat' dir='ltr'><strong>fucit</strong></span> <span class='ocrx_word' id='word_1_216' title='bbox 572 3257 651 3302; x_wconf 77' lang='lat' dir='ltr'><strong>noctes</strong></span> <span class='ocrx_word' id='word_1_217' title='bbox 667 3253 781 3302; x_wconf 79' lang='lat' dir='ltr'><strong>Gronov.</strong></span> <span class='ocrx_word' id='word_1_218' title='bbox 794 3261 822 3302; x_wconf 85' lang='lat' dir='ltr'><strong>et</strong></span> <span class='ocrx_word' id='word_1_219' title='bbox 838 3252 986 3315; x_wconf 55' lang='lat' dir='ltr'><strong>enlm-26</strong></span> <span class='ocrx_word' id='word_1_220' title='bbox 1004 3251 1065 3300; x_wconf 83' lang='lat' dir='ltr'><strong>Vet.</strong></span> <span class='ocrx_word' id='word_1_221' title='bbox 1087 3251 1178 3301; x_wconf 71' lang='lat' dir='ltr'><strong>Doleo.</strong></span> <span class='ocrx_word' id='word_1_222' title='bbox 1200 3256 1242 3302; x_wconf 81' lang='lat' dir='ltr'><strong>red</strong></span> 
     </span>
     <span class='ocr_line' id='line_1_29' title="bbox 140 3315 1241 3441; baseline 0.003 -14"><span class='ocrx_word' id='word_1_223' title='bbox 140 3315 343 3429; x_wconf 48' lang='lat' dir='ltr'><strong>dlliiql’l&#39;llxrx·</strong></span> <span class='ocrx_word' id='word_1_224' title='bbox 376 3383 389 3427; x_wconf 92' lang='lat' dir='ltr'><strong>l</strong></span> <span class='ocrx_word' id='word_1_225' title='bbox 410 3379 469 3427; x_wconf 81' lang='lat' dir='ltr'><strong>llar</strong></span> <span class='ocrx_word' id='word_1_226' title='bbox 487 3393 502 3427; x_wconf 88' lang='lat' dir='ltr'><strong>o</strong></span> <span class='ocrx_word' id='word_1_227' title='bbox 514 3378 573 3428; x_wconf 87' lang='lat' dir='ltr'><strong>edd.</strong></span> <span class='ocrx_word' id='word_1_228' title='bbox 586 3378 678 3429; x_wconf 75' lang='lat' dir='ltr'><strong>Dulce.</strong></span> <span class='ocrx_word' id='word_1_229' title='bbox 690 3386 718 3428; x_wconf 85' lang='lat' dir='ltr'><strong>et</strong></span> <span class='ocrx_word' id='word_1_230' title='bbox 730 3378 846 3429; x_wconf 78' lang='lat' dir='ltr'><strong>Gronov.</strong></span> <span class='ocrx_word' id='word_1_231' title='bbox 864 3393 917 3441; x_wconf 76' lang='lat' dir='ltr'><strong>ysoe</strong></span> <span class='ocrx_word' id='word_1_232' title='bbox 927 3394 980 3428; x_wconf 79' lang='lat' dir='ltr'><strong>cum</strong></span> <span class='ocrx_word' id='word_1_233' title='bbox 990 3379 1117 3439; x_wconf 71' lang='lat' dir='ltr'><strong>plenilunio</strong></span> <span class='ocrx_word' id='word_1_234' title='bbox 1127 3381 1204 3430; x_wconf 82' lang='lat' dir='ltr'><strong>rcced.</strong></span> <span class='ocrx_word' id='word_1_235' title='bbox 1214 3381 1241 3430; x_wconf 84' lang='lat' dir='ltr'><strong>ei</strong></span> 
     </span>
     <span class='ocr_line' id='line_1_30' title="bbox 143 3442 1242 3574; baseline -0.002 -17"><span class='ocrx_word' id='word_1_236' title='bbox 143 3443 234 3557; x_wconf 61' lang='lat' dir='ltr'><strong>stit</strong></span> <span class='ocrx_word' id='word_1_237' title='bbox 252 3442 456 3558; x_wconf 60' lang='lat' dir='ltr'><strong>‘uittae</strong></span> <span class='ocrx_word' id='word_1_238' title='bbox 479 3443 701 3574; x_wconf 45' lang='lat' dir='ltr'><strong>,ibiibi</strong></span> <span class='ocrx_word' id='word_1_239' title='bbox 718 3442 1127 3556; x_wconf 61' lang='lat' dir='ltr'><strong>lihitlruitlleltt</strong></span> <span class='ocrx_word' id='word_1_240' title='bbox 1143 3443 1242 3555; x_wconf 64' lang='lat' dir='ltr'><strong>lile</strong></span> 
     </span>
    </p>
   </div>
   <div class='ocr_carea' id='block_1_9' title="bbox 641 3665 748 3718">
    <p class='ocr_par' dir='ltr' id='par_1_10' title="bbox 641 3665 748 3718">
     <span class='ocr_line' id='line_1_31' title="bbox 641 3665 748 3718; baseline -0.037 0"><span class='ocrx_word' id='word_1_241' title='bbox 641 3665 748 3718; x_wconf 70' lang='lat' dir='ltr'><strong>Noun</strong></span> 
     </span>
    </p>
   </div>
   <div class='ocr_carea' id='block_1_10' title="bbox 140 3777 1242 4301">
    <p class='ocr_par' dir='ltr' id='par_1_11' title="bbox 142 3777 1237 3918">
     <span class='ocr_line' id='line_1_32' title="bbox 142 3777 1237 3845; baseline -0.002 -17"><span class='ocrx_word' id='word_1_242' title='bbox 142 3779 318 3830; x_wconf 80' lang='lat' dir='ltr'><strong>omnemlueit</strong></span> <span class='ocrx_word' id='word_1_243' title='bbox 330 3793 420 3830; x_wconf 76' lang='lat' dir='ltr'><strong>eversa</strong></span> <span class='ocrx_word' id='word_1_244' title='bbox 430 3780 474 3831; x_wconf 89' lang='lat' dir='ltr'><strong>illo</strong></span> <span class='ocrx_word' id='word_1_245' title='bbox 484 3787 596 3845; x_wconf 72' lang='lat' dir='ltr'><strong>regerat,</strong></span> <span class='ocrx_word' id='word_1_246' title='bbox 607 3780 673 3830; x_wconf 84' lang='lat' dir='ltr'><strong>unde</strong></span> <span class='ocrx_word' id='word_1_247' title='bbox 715 3787 752 3835; x_wconf 85' lang='lat' dir='ltr'><strong>to,</strong></span> <span class='ocrx_word' id='word_1_248' title='bbox 764 3779 815 3828; x_wconf 87' lang='lat' dir='ltr'><strong>rim</strong></span> <span class='ocrx_word' id='word_1_249' title='bbox 828 3779 989 3842; x_wconf 77' lang='lat' dir='ltr'><strong>tempestatis</strong></span> <span class='ocrx_word' id='word_1_250' title='bbox 997 3777 1167 3827; x_wconf 73' lang='lat' dir='ltr'><strong>calamitose.</strong></span> <span class='ocrx_word' id='word_1_251' title='bbox 1201 3777 1237 3826; x_wconf 82' lang='lat' dir='ltr'><strong>nt</strong></span> 
     </span>
     <span class='ocr_line' id='line_1_33' title="bbox 142 3851 1236 3918; baseline -0.005 -14"><span class='ocrx_word' id='word_1_252' title='bbox 142 3856 302 3918; x_wconf 69' lang='lat' dir='ltr'><strong>acceperat&#39;</strong></span> <span class='ocrx_word' id='word_1_253' title='bbox 714 3855 728 3917; x_wconf 64' lang='lat' dir='ltr'><strong>t</strong></span> <span class='ocrx_word' id='word_1_254' title='bbox 747 3854 830 3917; x_wconf 77' lang='lat' dir='ltr'><strong>culpe</strong></span> <span class='ocrx_word' id='word_1_255' title='bbox 845 3862 941 3916; x_wconf 84' lang='lat' dir='ltr'><strong>auteur,</strong></span> <span class='ocrx_word' id='word_1_256' title='bbox 953 3852 1045 3903; x_wconf 84' lang='lat' dir='ltr'><strong>eodem</strong></span> <span class='ocrx_word' id='word_1_257' title='bbox 1060 3853 1153 3900; x_wconf 89' lang='lat' dir='ltr'><strong>titulo:</strong></span> <span class='ocrx_word' id='word_1_258' title='bbox 1172 3851 1236 3899; x_wconf 78' lang='lat' dir='ltr'><strong>‘Vis</strong></span> 
     </span>
    </p>

    <p class='ocr_par' dir='ltr' id='par_1_12' title="bbox 140 3925 1242 4301">
     <span class='ocr_line' id='line_1_34' title="bbox 174 3925 1239 3996; baseline -0.006 -16"><span class='ocrx_word' id='word_1_259' title='bbox 174 3932 249 3980; x_wconf 73' lang='lat' dir='ltr'><strong>‘Vir</strong></span> <span class='ocrx_word' id='word_1_260' title='bbox 260 3932 347 3996; x_wconf 62' lang='lat' dir='ltr'><strong>remor]</strong></span> <span class='ocrx_word' id='word_1_261' title='bbox 375 3933 464 3982; x_wconf 74' lang='lat' dir='ltr'><strong>Greci</strong></span> <span class='ocrx_word' id='word_1_262' title='bbox 483 3933 536 3981; x_wconf 72' lang='grc' dir='ltr'><strong>θεοῦ</strong></span> <span class='ocrx_word' id='word_1_263' title='bbox 553 3931 610 3990; x_wconf 69' lang='lat' dir='ltr'><strong>alas</strong></span> <span class='ocrx_word' id='word_1_264' title='bbox 630 3946 673 3981; x_wconf 84' lang='lat' dir='ltr'><strong>re·</strong></span> <span class='ocrx_word' id='word_1_265' title='bbox 714 3929 803 3992; x_wconf 81' lang='lat' dir='ltr'><strong>major,</strong></span> <span class='ocrx_word' id='word_1_266' title='bbox 815 3943 890 3994; x_wconf 80' lang='lat' dir='ltr'><strong>quam</strong></span> <span class='ocrx_word' id='word_1_267' title='bbox 908 3929 994 3979; x_wconf 74' lang='lat' dir='ltr'><strong>Graeci</strong></span> <span class='ocrx_word' id='word_1_268' title='bbox 1010 3929 1064 3979; x_wconf 74' lang='grc' dir='ltr'><strong>θεοῦ</strong></span> <span class='ocrx_word' id='word_1_269' title='bbox 1079 3925 1135 3984; x_wconf 75' lang='grc' dir='ltr'><strong>βίαν</strong></span> <span class='ocrx_word' id='word_1_270' title='bbox 1149 3927 1239 3989; x_wconf 84' lang='lat' dir='ltr'><strong>appel-</strong></span> 
     </span>
     <span class='ocr_line' id='line_1_35' title="bbox 141 4001 1239 4068; baseline -0.003 -11"><span class='ocrx_word' id='word_1_271' title='bbox 141 4014 217 4068; x_wconf 75' lang='lat' dir='ltr'><strong>cant,</strong></span> <span class='ocrx_word' id='word_1_272' title='bbox 228 4007 321 4058; x_wconf 60' lang='lat' dir='ltr'><strong>iustine</strong></span> <span class='ocrx_word' id='word_1_273' title='bbox 339 4009 390 4057; x_wconf 82' lang='lat' dir='ltr'><strong>vim</strong></span> <span class='ocrx_word' id='word_1_274' title='bbox 410 4008 523 4056; x_wconf 80' lang='lat' dir='ltr'><strong>dielnrm</strong></span> <span class='ocrx_word' id='word_1_275' title='bbox 544 4007 610 4056; x_wconf 86' lang='lat' dir='ltr'><strong>dixit</strong></span> <span class='ocrx_word' id='word_1_276' title='bbox 627 4007 673 4056; x_wconf 91' lang='lat' dir='ltr'><strong>Ul·</strong></span> <span class='ocrx_word' id='word_1_277' title='bbox 713 4001 778 4058; x_wconf 72' lang='lat' dir='ltr'><strong>bnt,</strong></span> <span class='ocrx_word' id='word_1_278' title='bbox 791 4017 840 4052; x_wconf 88' lang='lat' dir='ltr'><strong>non</strong></span> <span class='ocrx_word' id='word_1_279' title='bbox 853 4003 932 4052; x_wconf 88' lang='lat' dir='ltr'><strong>debet</strong></span> <span class='ocrx_word' id='word_1_280' title='bbox 945 4003 1095 4052; x_wconf 83' lang='lat' dir='ltr'><strong>conductori</strong></span> <span class='ocrx_word' id='word_1_281' title='bbox 1116 4001 1239 4054; x_wconf 68' lang='lat' dir='ltr'><strong>damnum</strong></span> 
     </span>
     <span class='ocr_line' id='line_1_36' title="bbox 142 4079 1241 4146; baseline -0.004 -16"><span class='ocrx_word' id='word_1_282' title='bbox 142 4082 247 4144; x_wconf 78' lang='lat' dir='ltr'><strong>pisum,</strong></span> <span class='ocrx_word' id='word_1_283' title='bbox 255 4081 306 4145; x_wconf 71' lang='lat' dir='ltr'><strong>leg.</strong></span> <span class='ocrx_word' id='word_1_284' title='bbox 316 4081 482 4145; x_wconf 74' lang='lat' dir='ltr'><strong>fluminum,§</strong></span> <span class='ocrx_word' id='word_1_285' title='bbox 494 4082 598 4144; x_wconf 80' lang='lat' dir='ltr'><strong>Servor,</strong></span> <span class='ocrx_word' id='word_1_286' title='bbox 609 4081 672 4146; x_wconf 75' lang='lat' dir='ltr'><strong>Dig.</strong></span> <span class='ocrx_word' id='word_1_287' title='bbox 714 4091 780 4139; x_wconf 73' lang='lat' dir='ltr'><strong>esse,</strong></span> <span class='ocrx_word' id='word_1_288' title='bbox 791 4079 812 4126; x_wconf 86' lang='lat' dir='ltr'><strong>ri</strong></span> <span class='ocrx_word' id='word_1_289' title='bbox 825 4079 881 4140; x_wconf 79' lang='lat' dir='ltr'><strong>plus</strong></span> <span class='ocrx_word' id='word_1_290' title='bbox 889 4094 964 4143; x_wconf 84' lang='lat' dir='ltr'><strong>qoam</strong></span> <span class='ocrx_word' id='word_1_291' title='bbox 978 4079 1111 4128; x_wconf 78' lang='lat' dir='ltr'><strong>tolerabile</strong></span> <span class='ocrx_word' id='word_1_292' title='bbox 1123 4086 1173 4140; x_wconf 82' lang='lat' dir='ltr'><strong>est,</strong></span> <span class='ocrx_word' id='word_1_293' title='bbox 1186 4079 1241 4127; x_wconf 78' lang='lat' dir='ltr'><strong>heti</strong></span> 
     </span>
     <span class='ocr_line' id='line_1_37' title="bbox 140 4153 1242 4222; baseline 0 -18"><span class='ocrx_word' id='word_1_294' title='bbox 140 4155 232 4222; x_wconf 77' lang='lat' dir='ltr'><strong>damni</strong></span> <span class='ocrx_word' id='word_1_295' title='bbox 252 4155 351 4206; x_wconf 77' lang='lat' dir='ltr'><strong>inlecti.</strong></span> <span class='ocrx_word' id='word_1_296' title='bbox 378 4156 582 4220; x_wconf 72' lang='lat' dir='ltr'><strong>Idem,leg.19·</strong></span> <span class='ocrx_word' id='word_1_297' title='bbox 613 4156 674 4220; x_wconf 71' lang='lat' dir='ltr'><strong>llig.</strong></span> <span class='ocrx_word' id='word_1_298' title='bbox 713 4153 947 4204; x_wconf 59' lang='lat' dir='ltr'><strong>incriminantes)</strong></span> <span class='ocrx_word' id='word_1_299' title='bbox 972 4155 1038 4204; x_wconf 85' lang='lat' dir='ltr'><strong>Coeli</strong></span> <span class='ocrx_word' id='word_1_300' title='bbox 1055 4155 1105 4206; x_wconf 87' lang='lat' dir='ltr'><strong>rim</strong></span> <span class='ocrx_word' id='word_1_301' title='bbox 1117 4155 1242 4219; x_wconf 83' lang='lat' dir='ltr'><strong>majorem</strong></span> 
     </span>
     <span class='ocr_line' id='line_1_38' title="bbox 142 4231 1015 4301; baseline -0.001 -19"><span class='ocrx_word' id='word_1_302' title='bbox 142 4231 187 4282; x_wconf 87' lang='lat' dir='ltr'><strong>tit.</strong></span> <span class='ocrx_word' id='word_1_303' title='bbox 199 4233 226 4282; x_wconf 75' lang='lat'><strong>2.</strong></span> <span class='ocrx_word' id='word_1_304' title='bbox 246 4231 498 4301; x_wconf 36' lang='lat' dir='ltr'><strong>lereti—conducti&amp;</strong></span> <span class='ocrx_word' id='word_1_305' title='bbox 512 4233 550 4283; x_wconf 78' lang='lat' dir='ltr'><strong>lis</strong></span> <span class='ocrx_word' id='word_1_306' title='bbox 563 4231 674 4284; x_wconf 83' lang='lat' dir='ltr'><strong>conduc·</strong></span> <span class='ocrx_word' id='word_1_307' title='bbox 714 4232 830 4299; x_wconf 80' lang='lat' dir='ltr'><strong>appellat</strong></span> <span class='ocrx_word' id='word_1_308' title='bbox 846 4231 945 4284; x_wconf 84' lang='lat' dir='ltr'><strong>Colum.</strong></span> <span class='ocrx_word' id='word_1_309' title='bbox 959 4246 978 4281; x_wconf 88' lang='lat' dir='ltr'><strong>r.</strong></span> <span class='ocrx_word' id='word_1_310' title='bbox 989 4235 1015 4282; x_wconf 77' lang='grc'><strong>1.</strong></span> 
     </span>
    </p>
   </div>
   <div class='ocr_carea' id='block_1_11' title="bbox 0 0 1500 4860">
    <p class='ocr_par' dir='ltr' id='par_1_13' title="bbox 0 0 1500 4860">
     <span class='ocr_line' id='line_1_39' title="bbox 0 0 1500 4860; baseline 0 2"><span class='ocrx_word' id='word_1_311' title='bbox 0 0 1500 4860; x_wconf 95' lang='lat' dir='ltr'><strong> </strong></span> 
     </span>
    </p>
   </div>
  </div>
 </body>
</html>
