2990 4866
445 380 535 428 aar.
550 379 656 428 nter.
680 379 751 428 nra.
775 377 861 430 xan
884 367 916 428 4.
1139 365 1227 431 3213

130 541 177 586 rte
189 522 383 598 coronariae,
394 520 526 587 dilectae
541 521 716 586 admodum
729 523 789 596 illi,
803 543 879 589 cum
892 543 994 608 opera
1005 523 1080 608 ejus
1091 523 1227 608 pictura

116 624 329 700 imitaretur,
352 632 388 688 et
414 622 474 687 illa
498 641 686 706 provocans
716 625 869 702 variaret,
891 631 1042 708 essetque
1065 633 1227 692 certamen

131 727 212 790 artis
238 745 279 789 ac
302 731 450 790 natura:
472 724 592 807 quales
617 725 716 792 etiam
738 743 828 789 nuuc
850 731 967 790 extant
981 726 1120 791 artificis
1135 728 1228 793 illius

131 827 276 904 tabellae,
305 834 408 909 atque
438 826 590 908 inprimis
611 827 783 909 appellata
804 823 1138 909 Stephaneptocos,³¹
1160 847 1229 912 qua

132 929 246 1012 pinxit
267 929 389 1011 ipsam.
436 926 544 1010 quue
563 928 693 992 iactum
715 935 767 992 est
788 934 868 1010 post
883 927 1230 1014 olympiademtcen-

131 1031 296 1094 tesimam.
340 1029 397 1094 Sic
419 1031 549 1095 coronis
571 1049 590 1094 e
612 1029 750 1093 floribus
765 1029 918 1112 receptis,
934 1031 1036 1113 paulo
1053 1049 1133 1094 mox
1150 1032 1230 1096 suh·

133 1131 214 1208 iere,
236 1149 311 1214 quaa
332 1137 496 1202 vocantur
512 1126 704 1215 AEgyptiae,j
728 1150 768 1195 ac
790 1130 912 1196 deinde
944 1128 1127 1215 hybernae)¹
1151 1153 1229 1199 eam

132 1232 335 1297 terrationes
349 1238 457 1314 negat,
473 1238 621 1296 ramento
633 1252 653 1296 e
667 1233 825 1297 cornibus
840 1234 955 1299 tincto.
994 1231 1231 1319 Paulatimque

133 1340 168 1398 et
183 1332 303 1398 Romae
326 1331 488 1417 surrepsit
510 1333 704 1417 appellatio,
720 1335 857 1400 corollis
872 1336 955 1399 inter
977 1335 1075 1400 initia
1097 1345 1231 1419 propter

134 1435 353 1516 gracilitatem
380 1435 580 1499 nominatis:
611 1454 692 1501 mox
719 1440 753 1500 et
782 1436 981 1513 corollaria,
1011 1442 1190 1518 postquam
1212 1458 1231 1502 e

133 1537 281 1601 lamina5
297 1554 386 1600 terea
400 1537 492 1600 tonui
508 1535 663 1600 inaurata
676 1541 733 1600 aut
747 1535 953 1618 inargentata
966 1534 1139 1600 dabantur.
1209 1523 1231 1581 ’ἴ

182 1634 346 1719 tv.-(111.)
368 1635 513 1700 Crassus
533 1637 641 1712 dives,
668 1638 795 1722 primus
819 1644 954 1720 argento
977 1655 1128 1718 auroque
1151 1636 1232 1709 solia

135 1739 302 1814 imitatus,
332 1737 421 1801 ludis
450 1739 521 1800 suis
550 1757 691 1801 coronas
720 1738 824 1803 dedit.
879 1737 1172 1820 decesserantque
1200 1747 1234 1804 et

134 1835 307 1914 lemnisci,¹
324 1857 409 1922 quos
425 1839 527 1922 adjici
544 1833 692 1922 ipsarum
705 1829 897 1903 coronarum
912 1839 1020 1902 honos
1036 1844 1117 1916 erat,
1133 1858 1234 1922 prop·

136 1946 185 2002 ter
199 1939 392 2018 Etruscas,'¹²
409 1942 533 2023 quibus
547 1940 645 2025 jungi
660 1941 727 2006 nisi
742 1942 831 2006 aurei
847 1961 916 2006 non
931 1942 1107 2006 debebant.
1153 1941 1235 2027 Pari

135 2041 195 2114 diu
210 2040 301 2105 suere
317 2043 352 2106 ii.
397 2041 527 2107 Caelata
541 2061 604 2107 eos
620 2045 746 2126 primus
765 2044 906 2106 instituit
920 2042 963 2106 P.
976 2041 1138 2106 Claudius
1152 2042 1237 2106 Pul·

136 2142 242 2218 citer,n
259 2143 503 2225 bracteasque⁰
517 2145 617 2208 etiarn
634 2145 793 2230 philyrae¹
809 2143 913 2208 dedit.

137 2419 256 2470 Gronov.
267 2425 294 2470 et
307 2421 440 2482 eulpa-t
457 2421 498 2472 lta
511 2419 639 2470 Haeduiu.
651 2425 674 2469 t.
684 2423 707 2470 2.
717 2424 741 2469 t.
749 2425 777 2469 et
787 2427 898 2470 recentt.
907 2433 940 2468 ex
948 2417 1023 2467 eodd.
1041 2414 1237 2480 Steptassploees

137 2483 256 2534 Gronov.
267 2494 293 2534 et
305 2486 439 2554 vairp—«t
458 2485 528 2550 Olym
548 2487 553 2498 '
568 2488 598 2534 du
610 2481 743 2534 cuiun-⁵
761 2482 845 2534 cntffl.
853 2483 1114 2546 corrottsts'spostpsuns
1124 2496 1137 2530 s
1148 2483 1237 2538 laurae.

172 2549 241 2599 Cae.
254 2561 292 2598 tv.
315 2553 327 2598 l
343 2549 408 2598 Ver.
420 2550 511 2598 Dalee.
538 2548 797 2611 rueteuraatqstuetiuta
805 2548 921 2613 philyrae.

635 2693 746 2744 NO'l'AE

156 2846 158 2850 Α
196 2793 400 2858 Steplasepteess]
423 2794 467 2844 lta
485 2793 551 2843 Mas.
562 2789 670 2854 laudati,
709 2791 793 2858 aureis
805 2791 976 2854 interpositis,
986 2798 1015 2840 et
1025 2789 1101 2840 alieni
1113 2790 1239 2851 temporis

137 2871 397 2933 dcumpluaoploeos.
420 2865 629 2936 armatarus,
640 2873 669 2918 ut
708 2864 833 2916 duribus!
857 2867 958 2929 Nempe
967 2865 999 2914 ad
1011 2863 1181 2913 imitationem
1195 2880 1238 2914 re·

140 2945 211 3009 apud
227 2945 356 3010 llteophr.
375 2945 470 3008 legitur
491 2945 560 2994 ldist.
583 2957 622 2993 vr.
643 2945 669 2992 7.
710 2949 805 3003 terum,
823 2958 855 2992 ea
867 2944 939 2991 lauru
950 2940 1069 3004 foliisque
1081 2955 1155 2989 nexa
1167 2955 1239 2990 coro·

139 3019 240 3085 quirel
256 3021 534 3084 qnaneetiaettesit
551 3033 669 3069 coronas.
711 3031 769 3066 nae:
799 3015 891 3082 qrribns
916 3015 1033 3065 lemnisci
1056 3015 1127 3064 aurei
1144 3013 1242 3066 additi.¹

138 3097 185 3145 De
206 3095 255 3144 ltac
276 3095 379 3158 pletura
396 3109 441 3144 seu
460 3095 549 3144 tabula
567 3093 671 3144 dicetur
711 3090 863 3157 Antiquitas
885 3105 918 3140 ea
939 3103 1008 3145 auro,
1031 3103 1099 3137 nunc
1122 3089 1239 3138 eserico

140 3169 351 3221 iosioslunonit.
495 3231 498 3237 Ι
711 3164 823 3218 fasciola
844 3173 914 3227 sunt,
939 3163 1032 3230 qrribns
1060 3162 1238 3212 lemniscatam

173 3243 334 3310 lAEgyptioe]
360 3245 399 3295 Ex
420 3242 526 3308 hedera,
540 3243 672 3308 'narcisso,
713 3245 793 3306 possit
815 3241 955 3306 appellatio
978 3239 1067 3302 tribui,
1085 3241 1127 3288 des
1145 3237 1243 3288 wasa.

140 3323 204 3371 mali
222 3323 322 3385 punica
342 3319 458 3382 floribus,
479 3320 587 3384 aliisque
608 3335 672 3384 quas
713 3317 895 3368 Nanneianis
916 3315 1001 3378 ruodo,
1022 3315 1069 3364 aed
1091 3319 1118 3378 et
1138 3309 1239 3378 psalmis,

141 3399 282 3452 atheneus
312 3405 456 3462 enumerat,
478 3397 523 3448 lib.
544 3408 589 3447 xv.
612 3411 672 3461 pag.
712 3408 770 3456 qua
783 3389 1240 3456 praemiacircensisvietcrie,lern-

140 3479 201 3536 utt.
214 3483 241 3524 et
253 3479 310 3524 68⁰.
713 3469 776 3518 disci
784 3465 962 3517 addebantur:
976 3465 1043 3515 unde
1051 3474 1168 3528 utraeque
1179 3465 1241 3514 lem·

175 3549 188 3584 ¹
209 3545 343 3616 desrau]
370 3547 467 3600 Quales
486 3543 672 3596 nunciante
712 3543 818 3593 nirenta
830 3542 917 3592 dieta.

140 3627 235 3676 elrarts
261 3624 332 3687 pieta
360 3629 440 3688 atqua
462 3621 577 3684 concisa,
596 3616 673 3670 dores
743 3625 763 3654 ὓ
779 3619 906 3684 Etnrscss]
922 3617 1096 3670 Tertullianus
1111 3615 1144 3666 de
1160 3617 1241 3668 Coro·

140 3699 302 3763 multiplices
313 3703 529 3760 repraesentante.
573 3697 577 3708 '
712 3709 746 3745 ua
756 3695 814 3744 Mil.
828 3694 948 3759 autepoui
960 3694 998 3743 ait
1014 3691 1120 3755 reliquis
1138 3692 1240 3742 eorouis

176 3777 184 3810 ¹
196 3771 323 3836 demissi]
336 3773 427 3824 Festus
437 3789 444 3822 r
456 3775 464 3802 ⁴
476 3771 603 3823 Lemnlsci
612 3777 672 3821 saut
713 3769 853 3822 Etruscas:
865 3769 1030 3834 srrbjieitqna,
1040 3768 1048 3796 ⁸
1058 3767 1117 3818 Hoc
1128 3767 1240 3818 sonabo·

140 3853 233 3903 fasciae
246 3849 349 3899 coloria
362 3848 541 3912 dependentes
552 3861 584 3896 ea
599 3861 672 3895 coro·
713 3848 765 3898 lum
787 3861 844 3896 esse
865 3857 1026 3905 coronarum,
1050 3856 1112 3904 quas
1133 3843 1241 3905 perunna

140 3929 193 3990 sris,
210 3925 279 3991 quod
300 3923 502 3987 antiquissimum
519 3921 570 3972 init
592 3937 672 3986 genas
712 3927 741 3971 et
752 3918 819 3970 loliis
829 3934 862 3969 ea
873 3934 936 3970 auro
949 3917 1087 3983 quercinis,
1103 3915 1136 3966 ab
1147 3915 1242 3968 Jovam

139 4015 295 4053 coronarum
322 3996 471 4048 lanearum!
503 3997 673 4061 Hesycdinsr
712 3996 879 4060 insigneaad
896 3991 1061 4044 deducendas
1078 3998 1165 4042 tensas
1182 4005 1242 4040 cnm

139 4071 450 4138 unvisamma-reda
460 4067 672 4136 :spartanam-
713 4071 832 4134 paimatis
858 4069 935 4132 toais'
950 4061 1114 4119 sumebant.’'
1140 4066 1241 4118 Plinius

140 4155 203 4204 stas.
236 4151 398 4214 capitolinus
417 4151 443 4199 in
461 4149 538 4205 Vero,
555 4161 614 4211 pag.
630 4149 677 4196 tt.¹
713 4145 770 4209 ipse
790 4159 895 4196 xxxns.
910 4149 936 4198 t.
952 4143 1243 4198 ‘eoroonxaurott-

139 4232 149 4258 ⁴
160 4229 277 4280 Curcum
288 4225 349 4291 quin
360 4226 439 4276 etiam
450 4223 534 4287 datas,
545 4222 673 4274 lemniscis
715 4219 819 4271 trosea.'
