2990 4866
445 409 535 458 uss.
559 407 657 458 uror.
684 408 757 455 urs.
781 405 851 456 xx.
872 394 906 456 7.
1135 389 1223 459 utto

124 553 262 636 pergula
291 569 354 618 sua
378 551 414 615 in
436 551 545 616 sorum
568 552 785 635 prospexisse
808 549 933 629 dietus,
957 571 1002 617 ex
1024 551 1220 618 auctoritato

123 661 265 719 senatus
280 654 314 717 in
329 671 493 718 carcerem
506 652 695 728 abductos:
706 671 773 716 uon
788 658 867 717 aute
878 651 976 716 finem
987 653 1068 718 belli
1078 653 1224 719 emissus

122 763 188 820 est.
225 753 269 820 Ρ.
286 755 472 832 Munatius,
487 773 565 818 oum
583 753 730 818 demtum
746 752 895 836 Marsyae
911 755 1089 820 eoronam*
1101 774 1120 818 e
1133 752 1224 818 fluri-

121 857 188 920 bus
202 856 307 938 capiti
321 873 384 920 suo
399 855 625 938 imposuisset,
635 859 736 938 atque
751 856 796 918 ub
806 853 841 918 id
857 853 935 920 duoi
949 875 1026 920 eum
1040 857 1073 919 iu
1083 853 1224 920 ,vincula

124 958 287 1022 triumviri
303 957 497 1041 Juseiss'ent,
512 956 700 1040 appellavit
714 955 865 1020 tribunos
880 955 1002 1038 plebis.
1035 955 1111 1020 Neo
1125 957 1223 1020 inter·

124 1065 281 1123 oes'sereu
302 1057 372 1122 illi:
404 1057 502 1122 aliter
535 1065 658 1142 quum'
684 1056 838 1134 Athenis,
864 1059 923 1121 ubi
944 1056 1224 1122 comessationum

119 1158 266 1242 juvenes
288 1165 366 1224 aute
387 1159 557 1224 meridiem
581 1164 766 1224 conventus
784 1157 983 1242 sapientium
997 1177 1130 1242 quoque
1143 1156 1224 1222 doo-

122 1259 524 1354 trineetfroquentubaut.⁴
566 1259 669 1345 Apud
683 1278 747 1324 nos
762 1259 954 1343 exemplum
967 1259 1109 1324 licentiae
1124 1259 1223 1344 hujus

124 1380 192 1425 non
207 1367 259 1425 est
271 1361 364 1426 aliud
379 1381 481 1446 quarn
496 1361 568 1427 filia
584 1361 665 1426 Divi
677 1369 696 1396 '
710 1361 867 1444 Augusti,
884 1360 981 1444 ou'us
996 1362 1130 1426 luxuria
1142 1379 1226 1428 nuc·

123 1461 215 1526 tibus
230 1470 427 1528 coronatum
443 1461 628 1547 Marsyam,
643 1461 749 1528 litera
765 1463 856 1528 illius
871 1462 937 1528 Dei
946 1472 960 1498 ¹
974 1469 1116 1546 gemunt.

171 1577 242 1626 vrr.
265 1562 403 1629 Florum
418 1563 554 1649 quidem
568 1561 717 1648 populus
729 1563 903 1628 Romanus
917 1565 1075 1630 honorem
1088 1565 1223 1648 Scipio·

122 1663 159 1728 ni
181 1668 313 1730 tuntum
334 1666 474 1732 habuit*
518 1665 681 1750 Serapio·
695 1659 1002 1749 cognominabatur,
1016 1672 1155 1751 propter
1176 1664 1223 1730 si·

581 1843 762 1866 “blm

123 1960 182 2010 eod.
193 1961 288 2010 Dure.
306 1966 330 2010 et
337 1962 399 2011 dsss
406 1961 520 2012 sendus
529 1961 644 2012 Gronov.
655 1967 682 2012 et
692 1962 827 2026 sulum-ti
838 1961 951 2012 Pintisu.
958 1960 1129 2010 sudum-s
1140 1955 1226 2012 Chiffl.

123 2025 376 2138 wadum-t
392 2025 622 2076 Daiemoossestss
640 2041 728 2092 quoque
743 2026 885 2090 sapientiam
901 2025 1017 2074 daniso
1032 2039 1103 2074 sasso
1111 2023 1225 2088 Μυκη·

158 2151 226 2203 css.
239 2165 290 2204 stt.
313 2155 326 2201 1
340 2151 406 2203 cod.
417 2153 507 2204 Dslec.
517 2151 684 2204 adim-s
698 2155 707 2184 ⁶
719 2153 865 2219 Suprsvrr.
879 2155 918 2202 ts.
928 2151 1121 2219 (1⁰.)srussipii
1133 2145 1227 2202 mrsu

621 2317 732 2370 noum
797 2285 800 2298 ’

156 2431 291 2496 'Mum
301 2429 421 2494 emnam]
436 2431 525 2494 copiti
536 2432 592 2496 ejus
604 2429 657 2482 Dei
695 2431 821 2496 gregatim
838 2431 978 2490 sduiteros,
995 2434 1153 2495 pererratam
1165 2443 1227 2482 not·

125 2508 283 2572 impositum.
315 2508 436 2572 Marsyas
444 2508 563 2558 minister
572 2507 658 2560 Liberi
696 2510 778 2559 turnis
798 2508 1028 2559 comessationibus
1047 2507 1138 2556 urbem

127 2583 217 2633 Patris
234 2596 283 2646 per
301 2584 420 2633 eisitstes
436 2582 532 2633 iibens
548 2584 574 2632 iu
592 2585 658 2633 Foro
697 2585 874 2649 quotidisuuru
884 2585 917 2634 sd
925 2585 1056 2647 Marsyam
1064 2596 1227 2637 coneursum,

126 2658 237 2722 positus,
257 2659 386 2710 libertatis
404 2658 526 2708 iudicium
546 2665 596 2717 est,
614 2659 658 2724 qui
696 2675 755 2710 uum
768 2675 801 2710 es
813 2659 932 2710 adultera
941 2661 966 2710 iu
974 2659 1156 2724 quaestuariam
1168 2671 1226 2708 rer·

126 2743 220 2784 erecta
235 2748 311 2785 ursuu
329 2742 442 2785 testatus
458 2735 521 2786 nihil
538 2737 595 2786 urbi
614 2734 658 2786 de·
696 2735 800 2791 ss‚’&o.
1119 2783 1124 2798 x

126 2822 195 2872 esse,
217 2809 301 2874 iuquit
316 2811 432 2873 servius,
454 2811 481 2861 tu
500 2810 601 2861 AEueid.
619 2825 660 2862 rr.
727 2819 741 2846 ¹
757 2807 1118 2874 bimaitlisstffltsMss.
1129 2821 1227 2858 ornnes.

127 2888 170 2933 18.
695 2885 739 2935 Sic
756 2885 874 2936 dolentes
892 2886 1003 2949 scriptu
1020 2884 1110 2933 iiterss
1126 2895 1170 2931 sss
1188 2881 1225 2932 iu·

159 2965 172 2990 ⁸
189 2959 243 3009 Nee
264 2959 429 3024 sermm]
458 2959 510 3010 Sed
530 2959 659 3023 esstigsu·
696 2961 763 3025 nuit,
785 2969 814 3012 ut
840 2956 1227 3025 ingemiscers'qoudssrmodo

127 3033 189 3084 duur
201 3048 336 3085 censuere.
440 3073 443 3078 .
697 3036 857 3086 siderentur·
889 3036 974 3085 Deum
990 3039 1077 3083 sutem
1095 3041 1180 3093 voest,
1197 3039 1227 3081 ut

159 3115 172 3141 '
188 3109 269 3159 Aliter
279 3109 361 3174 m]
372 3107 660 3160 coutruiodthenieu·
698 3124 749 3160 vn.
770 3115 811 3162 16.
829 3110 878 3161 'lu
898 3123 996 3159 summa
1011 3109 1084 3158 Deus
1101 3107 1156 3168 itte,
1174 3120 1226 3156 oue·

127 3183 194 3234 sium
217 3198 297 3241 ruore,
316 3184 385 3248 spud
405 3198 469 3247 quos
487 3183 600 3247 juvenes
617 3199 660 3234 eo·
697 3183 1229 3251 tumqusueseiusdeptusmugiasuuss·

34 3307 43 3316 ,
127 3257 606 3322 ωὸιιὼιιι111ιιᾶυωΡ111ωορ1ιίοιιιιι
616 3271 661 3322 pe·
699 3261 846 3323 ritus,'&c.

128 3333 232 3384 tsbsnt.
322 3377 326 3384 .
730 3336 872 3402 ⁸Serspio]
890 3335 1069 3386 Diversustrie
1082 3334 1228 3384 ridetursb

160 3416 178 3442 '
195 3409 357 3472 Fiduliios'l
380 3408 461 3472 Jnlis,
478 3408 512 3459 ds
528 3422 580 3472 qus
595 3406 662 3456 disi·
700 3427 732 3463 eo
755 3413 876 3477 Scipione
896 3411 1002 3473 Nastos,
1019 3425 1095 3475 quem
1110 3410 1228 3474 Ssrspio·

126 3487 303 3534 muttit-td.
325 3484 365 3534 Ut
379 3482 536 3533 'sdststusur
548 3483 661 3548 Marsya
699 3500 759 3537 usrn
778 3500 880 3550 quoque
896 3485 1103 3550 cognominatum
1120 3483 1230 3537 vidimus
1285 3537 1292 3557 f
1357 3543 1365 3560 κ

127 3561 157 3610 iu
181 3559 250 3609 Foro
269 3561 389 3624 positam,
409 3558 582 3610 meretriculis
601 3571 662 3608 oon·
703 3565 806 3614 vrato.
849 3562 944 3626 Neque
955 3563 1024 3612 eutru
1036 3561 1159 3612 Nasicam
1172 3561 1229 3610 'i'rt-

126 3635 259 3695 vsutrent,
270 3634 493 3700 impudicittaeqos
504 3647 557 3684 suas
568 3639 662 3684 testem
699 3638 796 3689 bunum
817 3634 897 3686 fuisse
919 3637 1012 3701 plebis,
1030 3642 1075 3686 sut
1095 3636 1230 3700 quisqsssn

127 3712 253 3762 corollam
262 3709 595 3773 slieuintiuorumgentium
606 3709 663 3758 oso
701 3711 828 3777 prodidit,
850 3718 895 3760 sut
917 3711 1001 3760 simite
1026 3709 1079 3760 reri
1102 3714 1157 3759 est:
1180 3723 1230 3760 nee

126 3787 307 3852 imponerent,
326 3785 392 3836 maio
408 3793 436 3837 te
448 3800 464 3835 u
474 3785 573 3849 Lipsio,
584 3783 605 3833 si
618 3798 662 3848 pu·
700 3786 752 3837 fuit
770 3787 791 3836 is
807 3800 841 3836 ex
859 3784 1039 3836 Afriesnotum
1058 3783 1168 3847 familis,
1182 3784 1231 3835 sed

128 3865 179 3914 dor
198 3864 300 3927 suadet,
321 3864 449 3920 edissere,
471 3861 564 3928 Autiq.
588 3863 662 3913 Isset.
701 3875 734 3910 es
747 3859 1135 3924 Corusiistsntuusseipiouum
1143 3865 1232 3923 geute,

128 3940 175 3991 111).
186 3953 230 3992 ut.
241 3956 302 4005 psg.
315 3945 373 3991 12⁰.
390 3939 611 4010 qusmirnmorsrt
623 3953 664 3990 urs
702 3937 728 3987 in
740 3951 792 4003 qus
802 3935 906 3987 istnttiss
921 3937 980 3986 dun
997 3937 1107 3986 diversos
1123 3933 1230 3986 Nasica·

128 4016 158 4066 iu
180 4017 235 4065 ists
249 4015 364 4066 tenebris
381 4015 480 4082 stygiis
495 4015 575 4080 digus
589 4013 664 4066 foedt·
702 4027 769 4076 runr,
785 4020 813 4063 et
829 4011 1011 4063 Africanorum
1032 4009 1147 4061 fuemus·
1173 4009 1230 4059 Neo

130 4101 198 4142 tste.
233 4093 274 4142 Ds
284 4091 358 4143 Julis
366 4092 468 4141 Sensus
477 4089 509 4140 de
521 4088 612 4140 Beuef.
624 4103 664 4142 vt.
705 4094 880 4151 tsmsugusts
897 4101 927 4136 re
942 4085 1002 4148 fuit,
1017 4083 1142 4136 Pontifex
1157 4084 1231 4134 Mu.

130 4171 174 4219 81.
185 4166 339 4230 ‘Augustus
346 4164 449 4230 flagitis
457 4165 609 4230 principalis
618 4163 664 4214 do·
704 4175 763 4214 eum
774 4168 853 4223 esset,
868 4166 896 4211 et
913 4174 1000 4224 ugrum
1015 4158 1148 4224 poblicum
1159 4164 1232 4210 tene·

130 4257 189 4294 mus
211 4245 238 4293 in
261 4242 395 4308 ponticum
421 4241 517 4304 emisit,
539 4241 664 4292 admissos
704 4243 757 4295 ret,
768 4242 797 4286 ut
808 4235 964 4288 Plutarchus
975 4234 1057 4288 refert
1065 4235 1231 4298 iqueehis,
