2966 4850
437 403 526 451 msc.
550 401 651 452 misr.
677 403 750 453 aru.
774 403 888 453 xvrrr.
910 389 944 454 8.
1149 389 1237 457 2815

183 545 270 610 Inde
281 545 482 628 illareliqua
493 547 648 611 oracula:
666 545 837 631 ‘Nequam
851 547 1033 629 agricolam
1045 566 1133 624 esse,
1145 547 1237 630 quis·

139 651 214 732 quis
244 653 381 724 emeret,
404 648 492 730 quod
522 655 682 730 praestare
707 651 739 713 ei
767 649 888 712 suudus
923 655 1048 732 posset.
1107 648 1236 712 Melum

139 747 427 832 patremfamilias,
444 749 600 830 quisquis
616 749 756 814 interdiu
769 749 910 829 iaceret,
926 749 1015 834 quod
1038 755 1139 814 noctu
1159 769 1236 832 pos-

140 857 201 926 set,
224 849 293 912 uisi
307 849 342 912 in
357 855 560 931 tempestate
574 850 663 914 coeli.
697 847 865 934 Pejorem,
875 852 932 934 qui
948 851 1104 934 profestis
1120 851 1238 915 diebus

140 959 266 1032 ageret,
288 951 379 1033 quod
395 947 544 1038 seriatis?
563 951 705 1015 deberet·
747 953 950 1030 Pessimum,
974 954 1030 1036 qui
1048 972 1166 1017 screno
1181 952 1236 1018 die

140 1054 308 1116 subtecto
323 1053 438 1135 potius
452 1058 654 1135 operaretur,
677 1072 779 1136 quam
796 1055 829 1117 iu
846 1055 947 1136 agro?

185 1153 330 1236 Nequeo
357 1153 438 1216 milri
470 1160 661 1238 temperare,
698 1157 874 1237 quominus
908 1175 1011 1220 unum
1039 1157 1237 1238 exemplum

141 1255 351 1338 antiquitatis
362 1253 507 1330 afferam,
527 1273 569 1318 ex
582 1273 649 1336 quo
662 1255 799 1336 intelligi
820 1257 942 1338 possit,
963 1255 1054 1338 apud
1075 1258 1237 1338 populum

141 1358 244 1421 etiam
256 1356 298 1420 de
314 1356 451 1419 culturis
467 1355 587 1437 agendi
601 1375 722 1419 morem
736 1354 750 1396 ⁶
771 1356 889 1432 fuisse,
908 1358 1113 1440 qualiterque
1128 1357 1238 1423 deleu-

140 1457 313 1521 di⁷soliti
334 1457 400 1521 sint
424 1457 474 1520 illi
492 1457 565 1520 viri.
611 1455 650 1520 G.
675 1457 797 1522 Furius
813 1457 1019 1522 Cresinus⁸⁸
1040 1478 1060 1521 e
1082 1459 1239 1524 servitute

140 1557 316 1634 liberatus,
340 1577 416 1622 cum
438 1560 472 1621 iu
495 1577 600 1639 parvo
622 1557 801 1622 admodum
823 1549 933 1641 agello
955 1559 1118 1640 largiores
1132 1563 1238 1627 multo

141 1660 271 1723 fructus
286 1661 482 1742 perciperet,
504 1679 605 1741 quam
621 1679 666 1722 ex
680 1661 899 1743 amplissimis
911 1662 1080 1738 vicinitas,
1103 1663 1138 1724 in
1153 1662 1237 1727 invi·

142 1761 200 1824 die
220 1779 343 1840 magua
373 1767 455 1836 orat,
477 1779 539 1825 ceu
570 1759 678 1841 fruges
705 1761 831 1824 alienas
857 1762 1028 1844 pelliceret
1055 1764 1238 1829 veneficiis.

144 1859 375 1940 Quamobrem
402 1880 423 1925 a
455 1861 514 1944 Sp.
539 1859 691 1925 Albino¹¹
722 1861 828 1926 curuli
858 1864 913 1927 die
953 1862 1055 1941 dicta,
1087 1873 1239 1930 metuens

602 2033 786 2058 unuuuu

139 2172 204 2226 lim
221 2169 263 2232 qni
280 2183 358 2219 exerc.
374 2169 487 2219 dreetm
510 2169 659 2218 Sueto-6
675 2167 759 2218 clriffl.
781 2183 829 2232 pro
849 2186 873 2218 v.
894 2169 910 2218 Ι.
931 2172 1081 2222 modum—⁷
1098 2170 1141 2220 lta
1163 2169 1239 2221 codd.

142 2233 386 2289 linteaminum.
398 2241 425 2282 ct
437 2231 520 2282 chiffl.
533 2245 591 2280 cum
603 2232 662 2281 edd.
676 2233 801 2284 Harduiu.
815 2239 871 2284 1.2.
884 2238 909 2283 8.
920 2241 947 2284 et
959 2241 1066 2284 recenti·
1087 2235 1190 2298 qualiter·
1201 2237 1241 2284 cie·

133 2298 207 2361 feudi
224 2297 339 2347 Gronov.
356 2305 384 2346 et
401 2299 538 2361 suippe-8
557 2297 679 2345 Greriniru
693 2297 806 2348 Trrrneb.
826 2299 945 2348 Cresimus
961 2297 1095 2350 crim-e
1112 2299 1154 2348 ltu
1171 2299 1240 2348 Har·

635 2461 745 2512 NOTAE

174 2557 184 2591 ¹
199 2557 270 2613 Quod
283 2557 396 2621 strictis]
423 2559 460 2608 Ut
480 2558 555 2606 Maro
577 2557 674 2608 cecinit
714 2557 756 2606 oui
769 2557 900 2621 persimile
916 2559 1015 2610 Plinius
1030 2560 1095 2623 ipsc,
1112 2558 1145 2608 de
1164 2558 1242 2608 Rem·

144 2632 242 2695 Georg.
255 2647 275 2682 ι.
290 2635 348 2682 268.
366 2633 488 2695 ‘Quippe
505 2633 583 2681 etium
599 2631 674 2681 festia
714 2634 766 2682 mio
788 2633 946 2696 Palemque,
969 2649 1027 2684 xrs.
1039 2636 1102 2684 5.-‘
1117 2632 1158 2682 Ad
1173 2633 1241 2682 irene

144 2707 265 2771 quedam
275 2720 398 2756 exercere
409 2707 499 2756 diebus
512 2708 561 2756 Fae
572 2714 599 2754 et
611 2707 674 2769 jure
715 2719 817 2772 gentem
832 2710 934 2759 Furium
946 2723 1062 2758 nummus
1076 2708 1191 2771 pertinet
1202 2723 1243 2757 er·

144 2783 242 2832 sinuat.
267 2781 346 2830 liivos
353 2781 481 2830 deducere
493 2781 563 2830 nulls
573 2781 674 2843 Religio
714 2790 822 2846 gentem
835 2799 849 2834 e
862 2785 955 2834 Museo
968 2791 1065 2842 nostro,
1074 2792 1100 2832 et
1110 2783 1178 2847 apud
1190 2783 1242 2832 Ps-

144 2855 244 2906 retuit:
255 2857 338 2918 segeti
352 2857 515 2918 pretendere
524 2871 622 2920 sepem,
630 2857 674 2906 In·
714 2857 806 2914 tiuum,
818 2873 844 2921 p.
857 2862 912 2906 117.
930 2873 956 2907 rr.
968 2863 992 2907 8.
1008 2858 1033 2908 in
1052 2873 1102 2921 quo
1123 2857 1184 2907 Jam
1203 2858 1241 2906 bl·

142 2931 220 2980 siclin
228 2933 319 2981 eribus
327 2933 419 2994 moliri,
427 2932 566 2981 incendere
573 2947 675 2996 cepres,
713 2933 805 2982 frontis
818 2936 903 2997 imago
915 2941 965 2990 est,
974 2949 1032 2982 cum
1042 2933 1199 2997 Epigreplre,
1209 2945 1242 2981 rr.

143 3005 338 3070 Balantumque
354 3021 446 3071 greges
461 3005 539 3056 fluvio
559 3022 673 3058 mereare
714 3021 808 3058 sorar.
820 3021 842 3056 r,
855 3021 879 3058 r.
891 3007 934 3072 .)(.
950 3009 1089 3072 ‘tropeum
1105 3009 1188 3072 portis
1206 3009 1242 3058 ci·

143 3081 260 3131 salubri!
287 3081 457 3145 ‘Quanquam
468 3081 673 3139 Pontifices‚'in·
713 3080 977 3148 vitetisirr'rposilumr
994 3086 1241 3150 lrirrcuquilslepio·

143 3157 201 3218 quit
212 3157 367 3211 Columella,
382 3158 499 3220 ‘negant
509 3165 624 3220 segetem
636 3157 673 3206 l'e·
713 3163 794 3223 naris,
805 3163 865 3212 iude
874 3163 957 3212 Romu
968 3172 1039 3212 atauo
1050 3164 1161 3227 gelante,
1169 3163 1243 3212 aluis·

144 3233 189 3280 riie
200 3233 282 3296 ccpiri
292 3230 407 3281 debere:
426 3241 514 3282 vetunt
524 3247 627 3296 quoque
637 3233 674 3280 le·
716 3246 756 3287 tra
768 3238 866 3288 hertam
878 3239 956 3302 gerit,
967 3240 1022 3288 aive
1032 3248 1172 3302 sceptrum,
1180 3239 1242 3287 dex.

143 3323 235 3356 narum
248 3321 327 3356 cauea
336 3307 416 3356 levari
426 3307 554 3368 ores,niei
567 3315 675 3371 propter
714 3321 757 3363 tra
766 3328 887 3364 eoronam
900 3315 1009 3377 imponit
1021 3322 1130 3378 tropeo.
1154 3315 1244 3374 listro,

144 3384 335 3433 medicinamr.
351 3383 492 3433 ...Fertis
507 3391 593 3432 aulem
610 3384 675 3432 ritus
717 3401 807 3441 noua.
832 3389 1157 3453 lnfmnaqprorurar.
1181 3390 1242 3439 Non

145 3463 273 3526 urniorum
296 3459 376 3510 etiam
399 3461 443 3509 ills
466 3460 611 3524 permittit:
634 3462 675 3511 far
714 3472 755 3514 ert
777 3465 818 3514 irie
843 3467 934 3516 Furius
958 3466 1109 3527 cognomine
1139 3464 1239 3513 Philus.

146 3539 261 3601 pinsere,
282 3535 355 3586 laces
367 3535 489 3592 incidere,
501 3537 623 3586 ccudelm
634 3552 674 3586 se·
715 3539 794 3588 Certe
805 3540 825 3588 ri
837 3553 930 3588 nomen
942 3540 980 3588 lrls
998 3539 1081 3588 literis
1097 3540 1242 3601 designare·

145 3612 285 3677 bore,’&c.
319 3611 675 3662 scearoe.a.¹1>errertu
713 3619 764 3677 tur,
793 3614 890 3663 Pliiiiuc
910 3622 989 3669 esser,
1012 3627 1061 3661 non
1085 3614 1185 3662 Plilsr:
1213 3617 1243 3660 ut

145 3701 208 3737 rero
219 3687 411 3737 lacesserem
421 3689 525 3748 tergeri,
536 3687 602 3735 viam
615 3688 678 3751 pub·
718 3699 797 3736 senor
810 3687 885 3736 scribi
897 3688 972 3743 colet,
984 3701 1031 3749 pro
1043 3687 1153 3751 Sertei,
1164 3694 1191 3737 ct
1200 3701 1243 3736 ce·

143 3764 223 3812 licem
242 3761 450 3825 muniri‚vepres
468 3761 557 3823 recidi,
575 3763 677 3811 hortum
719 3762 1009 3812 teraeimilitercmnis.
1042 3762 1078 3812 Ar
1090 3763 1131 3811 lric
1141 3769 1243 3811 sentcn-

145 3835 246 3900 fodiri,'
262 3839 315 3886 &c
348 3835 623 3900 ¹M.PorciusCute,'
639 3838 677 3886 in·
718 3838 754 3887 tia
774 3846 834 3887 ectr
859 3839 915 3888 «M.
938 3838 1047 3886 Fouriru
1067 3839 1141 3888 Lucii
1163 3837 1243 3887 Fillue

145 3915 203 3978 quit
214 3911 359 3964 Columella
370 3911 419 3960 loc.
430 3912 474 3960 cil.
483 3913 581 3967 ‘mulis¹
593 3912 677 3976 equis,
716 3913 846 3977 Philippis
857 3914 996 3975 [legionem
1014 3912 1160 3975 lmposuil,'
1176 3927 1243 3976 prse-

145 3989 226 4038 ariuie
238 3989 323 4037 nullae
335 4001 393 4035 cese
404 3985 482 4035 feriae
494 3987 581 4049 dixiq'
594 3991 644 4037 &e
716 3987 844 4036 siclinium
856 3985 963 4041 scilicet,
975 3996 1034 4050 poet
1053 3987 1169 4050 proelium
1182 3987 1242 4036 Pm-

177 4061 337 4124 scrccimu]
353 4062 420 4110 Mae.
436 4061 564 4111 Cresimus.
598 4061 676 4125 Apud
717 4062 844 4126 lippeme,
866 4063 926 4111 anui
946 4061 979 4112 U·
1002 4063 1032 4112 c.
1055 4061 1169 4112 occxu!
1195 4063 1244 4112 Eri.

148 4141 255 4191 Gruter.
275 4141 353 4203 pas.
369 4137 509 4186 ‘Crocum
528 4137 676 4188 Secundua'
715 4147 778 4188 ccc.¹

147 4216 252 4280 legitur.
285 4213 376 4264 Habet
388 4212 483 4276 eliquicl
496 4213 556 4264 lruic
567 4214 677 4265 uerruti-
749 4213 761 4248 Ι·
777 4215 820 4279 Sp.
829 4213 928 4279 Altino]
939 4213 985 4278 Sp.
998 4212 1130 4264 Postumio
1138 4211 1243 4275 Albino,
