2966 4850
242 383 330 450 2806
615 397 647 444 c.
670 395 789 444 aurun
812 395 976 444 suouunr

286 538 375 626 (ιν.)
396 537 498 623 Apud
516 539 689 604 Romanum
714 539 820 604 multo
844 539 948 602 serior
971 536 1087 601 vitium
1109 537 1235 602 cultura
1258 555 1334 602 esse

246 643 361 725 coepit.
404 641 592 722 Primoque,
608 647 647 703 ut
668 659 806 704 necesse
830 647 914 714 erat,
936 657 1017 702 arra
1035 643 1163 702 tantum
1185 638 1335 702 coluere:

247 761 386 826 quorum
412 741 532 820 uobis⁵
554 741 639 804 ratio
662 759 750 803 nuuc
772 740 965 804 tractabitur
987 757 1052 801 nou
1075 739 1202 820 vulgari
1223 737 1336 813 modo,

246 860 370 917 verum,
392 849 430 904 ut
455 841 563 906 adbuc
588 841 742 917 fecimus,
763 845 798 904 et
823 839 966 903 vetustis
990 847 1025 902 et
1045 844 1161 921 postea
1190 839 1336 902 inventis

247 944 337 1008 omui
368 963 446 1008 cura
474 943 680 1025 perquisitis,
703 959 869 1023 causaque
888 951 997 1004 rerum
1025 948 1060 1004 et
1084 941 1210 1004 ratione
1237 939 1337 1002 simul

248 1042 370 1108 eruta.⁶
413 1044 570 1108 Dicemus
585 1050 619 1106 et
634 1042 754 1118 sidera,
768 1043 978 1124 siderumque
994 1041 1142 1123 ipsorum
1167 1041 1338 1104 terrestria

249 1146 345 1227 signa
371 1145 523 1208 dabimus
548 1143 753 1208 indubitatae
785 1140 1054 1225 quandoquidem
1079 1143 1136 1225 qui
1161 1141 1269 1206 adbuc
1297 1159 1338 1206 ea

249 1245 442 1327 diligentius
467 1249 663 1322 tractavere,
684 1243 860 1328 quibusvis
883 1243 1022 1326 potius,⁷
1048 1263 1151 1325 quam
1174 1242 1340 1325 agricolis,

251 1347 429 1428 scripsisse
445 1355 592 1428 possunt
607 1346 719 1409 videri.

294 1463 345 1510 vr.
366 1446 420 1512 Ac
432 1449 573 1529 priorum
584 1446 729 1511 omnium
740 1446 886 1511 oraculis
895 1444 1021 1527 maJ'ore
1033 1463 1078 1508 ex
1090 1449 1182 1528 parte
1193 1463 1340 1526 Qamusn

250 1568 327 1631 quae
351 1567 417 1612 uon
443 1550 476 1610 in
496 1548 564 1611 alio
583 1547 660 1612 vitae
680 1565 797 1628 genere
821 1546 915 1628 plura
935 1547 1119 1610 certiorave
1141 1553 1227 1610 suut.
1272 1545 1342 1610 Cur

252 1651 341 1716 euim
356 1669 421 1711 nou
436 1649 607 1713 videantur
619 1650 766 1728 oracula,
779 1668 800 1712 a
812 1647 998 1712 certissimo
1013 1647 1069 1712 die
1079 1655 1113 1692 ¹⁸
1130 1647 1341 1730 maximeque

251 1750 400 1814 veridico
417 1771 479 1814 nsu
495 1751 671 1832 prolectat

293 1849 364 1934 (v.)
382 1852 589 1935 Principium
605 1857 714 1916 autem
726 1871 747 1914 a
757 1850 885 1915 Catone
898 1867 1090 1914 sumemus:
1107 1847 1342 1914 ‘Fortissimi'¹

252 1952 314 2014 viri
329 1957 363 2016 et
374 1953 496 2016 milites
511 1953 732 2016 strenuissimi
754 1971 798 2016 ex
812 1951 966 2034 agricolis
986 1953 1171 2034 gignuntur,
1194 1951 1343 2014 minime·

254 2071 318 2134 que
341 2053 426 2117 male
452 2053 647 2135 cogitantes.
691 2052 863 2126 Praedium
885 2072 928 2115 ne
948 2053 1071 2135 cupide
1093 2071 1194 2118 emas.
1240 2051 1279 2114 In
1307 2069 1342 2114 re

253 2155 381 2216 rustica
403 2173 516 2236 opcrae
529 2175 570 2218 ne
583 2174 717 2236 parcas,
737 2157 772 2219 iu
794 2173 875 2236 agro
891 2154 1032 2218 emendo
1054 2154 1195 2218 minime.
1240 2151 1343 2232 Quod

253 2255 342 2326 male
356 2262 477 2319 emtum
494 2262 556 2333 est,
580 2275 710 2339 semper
735 2257 887 2340 poenitet.
933 2254 1055 2338 Agrum
1069 2261 1245 2338 paraturos
1265 2261 1343 2317 ante

254 2357 367 2418 omnia
388 2355 507 2420 intueri
529 2365 661 2439 oportet
681 2377 815 2440 aquam,
837 2358 954 2434 viam,²
977 2364 1012 2420 et
1041 2353 1223 2421 vicinum.''
1267 2355 1344 2419 Sin·

255 2457 334 2536 gula
357 2455 513 2537 magnasj
536 2458 823 2540 interpretationes
844 2457 980 2533 babent,
1001 2476 1061 2520 nec
1077 2456 1210 2520 dubias.
1255 2455 1343 2520 Cato

255 2557 289 2618 iu
304 2553 538 2620 conterminisk
554 2558 618 2622 boc
631 2559 775 2642 amplius
791 2558 949 2622 testimari
967 2557 1076 2640 jubet,
1092 2577 1160 2641 quo
1175 2561 1278 2640 pacto
1294 2557 1344 2620 ni-

256 2662 362 2721 teant:
375 2665 384 2694 ‘
396 2659 434 2720 lu
443 2658 530 2724 bona
541 2659 651 2737 enim,'
660 2662 774 2744 iuquit,
785 2662 933 2741 ‘regione
946 2661 1030 2724 bene
1041 2658 1184 2723 nitent.'¹
1201 2656 1347 2722 Atilius⁴

257 2987 304 3032 -l
322 2981 384 3031 cod.
398 2983 487 3032 Delec.
497 2983 536 3047 qui
546 2984 799 3046 septuagesimum-t
817 2985 925 3036 enimn
937 2986 1010 3035 nolis
1036 2988 1077 3036 lta
1089 3003 1175 3052 margo
1186 2989 1246 3040 edd.
1258 2991 1347 3040 Dulce.

257 3055 285 3095 et
296 3047 459 3095 cronon-c
472 3047 536 3096 Cod.
551 3048 639 3095 Delec.
650 3048 799 3098 erudita-⁷
818 3050 859 3099 lta
870 3051 946 3100 codd.
957 3049 1092 3108 ilardensi,
1100 3068 1157 3103 cum
1168 3053 1228 3103 edd.
1237 3063 1348 3104 recentt.

257 3109 377 3174 quibusvis
387 3111 518 3159 cmoritur
526 3111 605 3172 potius
616 3113 729 3162 Gronov.
741 3121 766 3161 et
780 3114 812 3162 sl.
822 3123 882 3163 ante
896 3115 1022 3164 Herdrrin.

291 3174 358 3222 cns.
374 3189 429 3252 vav
448 3180 459 3224 1
479 3176 531 3224 Deo
542 3176 661 3237 Liria-2
678 3177 720 3226 lta
731 3177 808 3226 codd.
821 3179 959 3233 Hurdnint,
974 3193 1031 3228 cum
1044 3179 1103 3228 edd.
1118 3179 1243 3231 Hrrdnin.
1255 3185 1277 3229 1.
1288 3185 1313 3231 2.
1324 3186 1348 3231 8.

257 3241 1349 3374 nnnnuruuuznnsnruiuunt·utatis-(11⁸

258 3373 284 3414 et
297 3367 352 3440 qod.
362 3367 520 3432 Doleo.)reg.
530 3339 587 3444 'ltere
595 3369 669 3443 nitent
681 3371 794 3420 Turneb.
820 3339 1068 3434 ln·lo⁸no·ert,trrquit,
1076 3339 1190 3434 religione
1199 3325 1351 3424 maestes

258 3427 343 3480 curffl.
367 3432 398 3479 ln
413 3430 473 3482 bosa
488 3438 533 3486 etl,
551 3439 637 3496 raqrrt,
651 3435 745 3494 regione
761 3436 817 3485 tene
832 3435 909 3486 nitere
925 3437 1040 3488 Gronov.
1057 3445 1085 3486 et
1096 3438 1233 3500 vulga-4
1249 3437 1351 3488 Attilr'rr

750 3583 855 3633 NOTAE

291 3697 460 3746 tuoruum
480 3697 531 3761 die]
556 3698 622 3747 Nrnr
640 3697 784 3747 dierorum
858 3696 1035 3758 *Fortirsisrss
1055 3697 1180 3748 Derumta
1197 3699 1252 3748 brec
1269 3712 1285 3747 a
1303 3701 1352 3750 ca·

259 3769 345 3829 affert,
362 3773 406 3836 qni
425 3774 537 3834 optirnnr
553 3774 665 3821 omnium
682 3781 721 3820 ert
732 3785 785 3822 ma·
826 3781 896 3828 tuuc,
908 3787 940 3820 ex
953 3771 1034 3822 Praer.
1047 3773 1104 3822 libri
1114 3773 1146 3821 de
1156 3775 1194 3822 Re
1205 3775 1280 3823 liner.
1292 3789 1318 3836 p.
1326 3781 1351 3824 b.

258 3849 349 3910 gister.
390 3847 554 3896 ursaonae·
571 3848 610 3896 die
629 3853 713 3895 recte:
736 3861 785 3896 non
857 3850 980 3913 mquam,
1001 3850 1072 3911 dum,
1095 3856 1118 3898 et
1140 3851 1255 3913 υἰείιιηι]
1283 3851 1350 3902 Vide

259 3926 311 3985 deo,
329 3931 358 3972 ut
376 3923 464 3987 lipsio
481 3925 570 3972 virum.
604 3924 635 3973 ln
654 3924 718 3971 bane
729 3939 786 3971 reu·
826 3925 910 3976 Notus
921 3934 948 3974 et
961 3925 1068 3974 Emend.
1080 3930 1183 3976 nrum-t.

259 4001 368 4050 tentiam
376 4000 659 4064 cotomertnegregtep.
668 4005 692 4048 1.
702 4000 785 4049 ‘Uenu
855 4000 864 4044 l
881 4001 983 4060 Sinala
994 4001 1104 4066 nugam]
1126 4001 1183 4050 Har
1194 4001 1351 4066 interprete·

259 4083 286 4124 et
298 4075 458 4137 experientia
466 4075 660 4126 dominuntnrin
671 4075 783 4125 artibus:
827 4078 908 4126 tiones
919 4091 952 4125 ex
964 4076 1105 4126 colomella
1115 4077 1230 4128 dabimus
1241 4079 1266 4126 in
1275 4081 1351 4130 Notis

260 4163 344 4214 neque
356 4159 396 4200 ert
408 4151 460 4199 nlla
471 4151 616 4214 disciplina,
627 4153 652 4201 iu
669 4167 719 4217 qna
729 4165 781 4202 nou
825 4161 853 4202 et
866 4153 973 4202 Emend.
986 4164 1054 4200 num.
1065 4151 1110 4200 cir.

259 4225 394 4288 peccando
405 4225 536 4290 discatur,¹
544 4230 595 4276 &a
856 4227 869 4262 ἱ
888 4229 948 4278 Cute
959 4228 985 4277 is
995 4227 1069 4290 eost-J
1088 4227 1154 4276 Cato
1165 4227 1214 4288 loc.
1225 4229 1271 4279 cit.
1288 4238 1296 4260 ⁸
1307 4230 1350 4278 vi·
