3094 4862
270 361 357 428 8⁰⁰6
635 374 665 421 o.
689 371 808 422 rursu
833 370 994 420 securior

272 517 377 582 Nullo
393 517 519 600 quippe
541 533 607 578 uon
627 513 683 578 die
705 513 844 596 contigit
863 513 907 589 ei,
931 511 1079 594 pensiles
1095 525 1211 574 eorum
1225 509 1357 574 hortost

270 617 540 701 promoventibus
554 616 590 678 iu
605 615 718 678 Solem
733 615 817 678 rotis
830 615 1021 678 olitoribus:
1044 630 1222 694 rursusque
1237 611 1358 693 hyber-

270 720 323 783 nis
352 718 470 783 diebus
495 718 579 781 intre
608 711 850 798 speculariumd
882 714 1081 777 munimento
1108 710 1358 775 revocantibus.

273 816 364 895 Quin
383 817 495 880 lecte²
515 815 649 890 mulso·
670 814 797 894 semine
820 832 932 876 eorum
953 812 1055 877 biduo
1070 816 1250 887 macerato,
1265 809 1357 892 apud

272 918 424 999 antiquos
447 911 612 980 Graeciae¹
631 919 780 978 unctores
803 913 960 995 scriptum
978 918 1030 976 est
1048 913 1112 976 seri
1132 916 1301 995 oportere,
1318 917 1359 974 ut

272 1017 440 1080 dulciores
454 1017 544 1080 fient
588 1013 771 1080 Crescuut⁸
792 1031 861 1096 que
875 1019 1033 1096 coguntur
1046 1013 1160 1078 formo.
1203 1010 1243 1075 In
1259 1011 1358 1086 ltnliu

270 1115 404 1193 virides,
426 1123 462 1179 et
485 1133 587 1197 quem
611 1113 756 1178 minimi:
777 1113 811 1176 in
826 1113 1004 1196 provinciis
1024 1132 1124 1195 quem
1148 1112 1305 1176 maximi:
1325 1115 1359 1176 et

271 1214 424 1292 cerini,³'¹
447 1224 507 1281 eut
533 1216 626 1297 nigri.
670 1213 813 1280 Placent
841 1213 1070 1296 copiosissimi
1097 1210 1233 1288 Africus,
1263 1231 1358 1294 greu-

273 1316 402 1382 dissimi
430 1315 585 1380 Moesise:
609 1334 685 1380 curn
714 1313 963 1394 magnitudines
994 1331 1183 1391 excessere,
1210 1331 1358 1397 pepones

272 1425 445 1483 vocentur.
490 1415 618 1482 Virnut
631 1410 758 1478 musti*
781 1415 817 1476 iu
837 1412 1008 1478 stomacho
1023 1415 1057 1477 iu
1071 1420 1245 1496 posterum
1259 1411 1357 1488 diem,

272 1536 337 1582 uec
351 1516 467 1601 perfici
479 1524 604 1599 queunt
619 1515 652 1582 in
667 1515 763 1591 cibis,
774 1533 839 1578 nou
849 1514 1034 1580 insalubres
1045 1521 1157 1578 tumen
1169 1514 1361 1598 plurimum.

275 1827 341 1886 Quin
350 1829 373 1876 et
384 1827 443 1876 tens
454 1825 514 1876 edd.
525 1831 591 1875 vett.
609 1831 637 1876 et
654 1825 816 1876 tirenum-⁸
834 1824 917 1876 cedd.
929 1823 982 1874 bini
994 1823 1085 1873 Dstee.
1095 1828 1118 1874 et
1130 1821 1225 1880 cirinen·
1242 1817 1326 1872 cum
1335 1826 1360 1870 et

273 1891 363 1949 serici,-
379 1890 494 1940 Gruuce.
505 1897 532 1940 et
543 1891 630 1954 eulgg.
639 1897 664 1940 et
673 1889 772 1949 citrini,
787 1889 912 1940 Herdnin.
922 1897 949 1939 et
959 1895 1070 1939 recente.
1078 1893 1101 1937 rt
1111 1888 1194 1938 ursei.
1210 1885 1271 1936 vid.
1283 1885 1359 1936 Note.

763 2043 869 2094 NOTAE

274 2155 371 2206 serenis
384 2156 483 2221 diebus,
501 2163 557 2208 tuto
575 2155 752 2221 producentur
766 2156 798 2205 ed
835 2154 952 2208 t'scinut.’
984 2153 1117 2206 Pelisdins
1134 2153 1179 2204 lib.
1191 2167 1229 2203 rr.
1246 2152 1272 2201 iu
1289 2151 1360 2202 Mer·

273 2231 367 2281 Sciens.
401 2232 459 2281 Heu
479 2233 580 2282 serioue
597 2230 799 2282 feretotoeuuo
836 2234 883 2295 tic,
893 2233 935 2284 tit.
946 2237 971 2282 9.
987 2247 1012 2296 p.
1023 2236 1064 2282 88.
1081 2232 1174 2282 ‘Nunc
1191 2229 1303 2278 metense
1319 2241 1360 2276 se·

274 2305 379 2356 Tiberio
401 2306 498 2356 Cressri
519 2307 632 2356 cucumis
654 2306 800 2370 persbetur.
834 2307 1150 2359 rendireriue...sessiue
1161 2305 1359 2355 eruteoetiscte

275 2381 703 2445 Nueeutemlevioreopern‚'&c.
730 2382 797 2432 Gue-
835 2383 1005 2446 pertriduum
1017 2381 1359 2436 mscerendeeuut,ettunc

275 2461 315 2503 tue
325 2455 369 2504 ilis
380 2455 487 2518 insignis
498 2459 616 2519 eoiuptee
634 2456 738 2506 Tiberio
754 2471 796 2506 ex·
831 2456 886 2519 jem
898 2457 994 2507 siccete
1006 2456 1138 2520 ponende:
1150 2456 1210 2506 hinc
1221 2469 1312 2505 sueves
1322 2453 1361 2503 es·

275 2531 367 2594 petite,
390 2533 485 2581 meloni
508 2540 605 2590 uestro,
624 2548 699 2598 quem
721 2547 799 2585 cucu-
834 2532 963 2584 ficiuntur.
995 2533 1106 2583 Odoreti
1117 2540 1203 2582 sotem
1214 2530 1299 2586 nune:
1309 2535 1360 2580 dec.

274 2605 348 2667 ur'ert,
358 2606 442 2668 eptiue
450 2609 584 2669 competit.
867 2607 876 2643 ¹
889 2609 960 2672 Aped
970 2610 1079 2673 ustipeee
1094 2607 1208 2670 Gracia]
1231 2606 1360 2670 'lireoptrr⁰

306 2689 318 2714 ⁶
334 2680 442 2730 Pariter
503 2681 594 2745 denos]
617 2683 662 2734 dte
672 2697 734 2733 eees
745 2698 798 2734 me·
837 2685 906 2736 Hier.
917 2697 967 2736 ru.
979 2691 1002 2736 r.
1020 2693 1047 2734 er
1065 2684 1099 2734 de
1119 2683 1208 2734 Csuets
1220 2697 1265 2734 nr.
1275 2687 1316 2732 ιι.
1333 2697 1360 2746 p.

269 2754 422 2816 jnrerocet.
438 2756 520 2806 Gettie
537 2759 578 2806 dee
597 2759 698 2820 Ceius,
712 2759 798 2822 cnjus·
834 2765 891 2811 m.
919 2759 1056 2826 Hodieque
1071 2760 1097 2809 id
1114 2759 1360 2810 ritinestuucetro·

275 2829 417 2880 meditere
434 2839 503 2896 sent,
522 2832 616 2897 quibus
633 2845 719 2884 eure·
738 2835 798 2884 meti
835 2849 890 2884 rum
904 2834 1046 2884 meinerus:
1063 2848 1169 2899 qnorum
1187 2848 1267 2897 genus
1286 2833 1360 2897 itlsd,

275 2904 448 2955 continentur.
835 2907 1073 2973 quudduicedinem
1082 2908 1167 2972 gustui
1179 2915 1361 2972 representet,

306 2977 318 3012 ⁴¹
335 2978 405 3028 lutee
413 2982 580 3046 monum]
604 2985 644 3033 De
659 2985 799 3047 epeeuisrt·
834 2985 924 3047 vulgus
932 2983 992 3032 inde
1002 2981 1157 3045 ‘succinum’
1173 2983 1245 3047 qussi
1255 2984 1359 3033 meche-

275 3053 617 3107 truedieemnexuvr.t⁵.
650 3057 750 3108 Herum
762 3059 798 3110 vi·
836 3057 1055 3121 dnmsppettet:
1072 3057 1165 3106 Merces
1174 3057 1261 3108 neree
1287 3057 1355 3108 Hrec

274 3142 331 3179 ceus
352 3143 383 3178 ec
400 3129 593 3179 similitudinem
610 3129 799 3184 referentem
835 3134 1031 3198 proemsceretio
1041 3133 1146 3184 neminie
1157 3134 1182 3182 in
1195 3147 1360 3184 cucumerum

275 3205 369 3264 vitree,
392 3202 484 3267 quibus
511 3207 622 3254 melones
643 3207 797 3270 integimue:
834 3208 1273 3259 nostratiumeetunonedhibetur.

274 3281 315 3328 des
323 3278 428 3330 Giesdes.
450 3279 549 3342 Lepide
556 3281 798 3345 conqueriturdter·
866 3290 880 3326 ⁸
897 3284 1022 3348 Crescunt]
1040 3284 1139 3333 Pelled.
1151 3285 1201 3334 luc.
1211 3285 1257 3336 cir.
1269 3284 1303 3334 de
1315 3300 1359 3335 cu·

275 3354 344 3404 sistis
354 3366 416 3403 erre.
429 3358 467 3406 14.
485 3369 514 3404 ee
533 3355 606 3419 pejus
617 3356 649 3407 sb
660 3356 742 3407 setes
753 3371 799 3407 es·
834 3371 954 3408 comere:
972 3359 1018 3407 ‘Si
1031 3359 1087 3422 eins
1100 3357 1189 3408 dorem
1200 3361 1267 3410 sieut
1277 3361 1304 3409 in
1314 3373 1361 3409 sue

274 3437 388 3492 ceptum,
397 3443 471 3493 quem
480 3431 628 3480 potestesse
638 3432 727 3481 hortus
735 3446 798 3496 pen·
835 3434 888 3484 rite
899 3440 949 3494 est,
966 3433 991 3482 in
1006 3431 1088 3484 forms
1097 3433 1172 3484 fictili
1183 3435 1316 3497 cleueeris,
1327 3449 1361 3486 ee

274 3505 335 3563 sitis,
351 3505 377 3554 iu
393 3519 443 3569 quo
460 3511 549 3554 tenere
566 3507 684 3556 erbetum
701 3508 798 3558 semine
835 3508 964 3571 ligustris,
981 3510 1082 3573 qusiem
1099 3510 1197 3558 euttnm
1218 3508 1302 3560 ferres
1318 3511 1359 3559 eet

273 3589 350 3628 sunt:
361 3586 390 3639 ut
401 3581 443 3643 qui
452 3593 503 3629 nou
512 3580 618 3630 heberet
629 3581 730 3632 terelle
739 3597 798 3646 epe·
834 3584 943 3633 hominis
956 3585 997 3633 eei
1012 3583 1127 3633 epimelis
1144 3585 1271 3648 hebuerir,
1279 3584 1359 3635 telem

275 3655 380 3710 cnissis,
391 3655 482 3718 quibus
500 3656 550 3704 rim
568 3664 710 3719 ventorum,
720 3665 749 3707 et
759 3657 798 3708 in·
835 3659 948 3709 cucumis
958 3657 1064 3722 figurem
1077 3659 1231 3723 proestebit'

269 3727 352 3790 jorius
362 3735 507 3790 temporum
519 3731 690 3792 prepuiesret.
866 3733 928 3783 &Et
946 3733 1036 3798 seriei}
1061 3733 1104 3783 Sic
1125 3741 1197 3784 recte
1216 3735 1359 3786 Tirueumus

306 3803 566 3868 consenescere]
592 3805 651 3855 ldoc
668 3813 717 3868 eet,
731 3807 797 3858 lecte
834 3810 934 3862 codexr
951 3811 1034 3859 miuus
1055 3817 1125 3859 recte
1140 3811 1307 3874 prinecs'trs'ee'
1325 3814 1360 3863 ie·

273 3877 559 3943 inquometsdditum.
588 3879 797 3934 Colum.loc·eit.
834 3886 952 3951 gebeton.
986 3885 1026 3934 De
1038 3899 1069 3934 ee
1079 3899 1141 3934 voce
1153 3887 1251 3949 egimus
1261 3901 1309 3938 xv.
1321 3893 1359 3939 tir

275 3956 368 4014 psol.
384 3951 522 4002 ‘Cucumie
537 3959 611 4001 tener
627 3962 655 4003 et
667 3954 799 4018 jucundis·
865 3961 980 4011 ¹Vieeet
998 3960 1090 4024 meets]
1116 3961 1183 4010 Vide
1204 3960 1358 4014 Atheusesm

274 4026 351 4076 simus
362 4025 400 4089 er,
416 4027 437 4076 ei
455 4033 592 4091 cutequem
609 4042 690 4092 sesee,
710 4045 797 4082 semen
834 4038 851 4087 Ι.
861 4051 904 4086 ιιι.
918 4053 943 4099 p.
955 4039 996 4086 74.
1014 4036 1058 4085 ubi
1075 4035 1165 4087 eedem
1176 4037 1208 4088 de
1220 4051 1358 4089 cucumere

274 4101 330 4163 ejus
348 4103 416 4153 tecte
427 4118 559 4154 meceres:
578 4107 691 4156 nonnulii
706 4109 794 4173 etiem,
835 4112 953 4176 Diphilus
962 4111 1082 4174 Siphnius
1092 4111 1212 4164 Medicus
1223 4112 1279 4166 iere
1290 4128 1359 4166 com·

274 4191 324 4243 quo
333 4177 431 4232 dulcior
442 4183 546 4241 existet,
557 4197 624 4248 eque
633 4185 715 4234 mutes
725 4186 794 4236 idem
833 4194 966 4244 memoret,
977 4201 1034 4252 quse
1045 4187 1153 4240 Plinius.
