3032 4858
285 382 371 452 8288
649 395 682 446 o.
707 395 827 444 rururr
852 393 1015 442 esouunr

288 541 450 626 sylvestri,
473 543 507 604 et
529 539 560 603 si
584 543 705 604 teratur
726 557 770 602 ex
794 555 883 621 aqua
905 535 1047 613 coelesti,
1062 534 1201 619 aspidas
1224 535 1377 617 mitigare

288 644 427 707 dicitur:
449 648 484 706 et
505 659 572 704 non
595 658 691 703 secus
714 644 814 721 atque
837 655 967 720 cyanus
988 636 1160 718 astringit⁸
1182 644 1218 702 et
1240 637 1375 704 cohibet

287 743 436 818 vulnera,
449 740 668 825 prohibetque
684 759 825 822 serpere.

334 857 487 908 uxxxv.
509 840 757 922 Holoohrysos¹
778 842 923 906 medetur
937 839 1130 922 stranguriae
1145 840 1178 903 in
1193 840 1273 904 vino
1286 844 1377 922 potu,

290 951 323 1009 et
335 943 507 1008 oculorum
522 942 692 1026 epiphoris
706 942 802 1008 illita.
845 941 930 1008 Gom
951 941 1035 1008 faece
1049 959 1126 1006 uero
1142 940 1210 1006 riui
1231 947 1378 1004 cremata

290 1053 323 1109 et
337 1044 483 1127 polenta,
496 1043 645 1107 lichenas
660 1043 821 1109 emendat.
866 1044 1134 1126 chrysocomes²
1156 1041 1253 1106 radix
1275 1041 1378 1106 calla·
1413 1041 1418 1048 '

292 1145 349 1220 cit,
374 1151 408 1208 et
431 1143 584 1226 stringit.²
631 1145 741 1208 Datur
764 1145 881 1226 potui!
904 1145 947 1208 ad
965 1143 1150 1226 jocinerum
1175 1142 1277 1207 vitia:
1299 1143 1377 1208 iren

292 1246 505 1327 pulmonum:
527 1243 638 1308 vulva
662 1241 795 1308 dolores
819 1244 853 1308 in
872 1263 962 1326 aqua
982 1243 1091 1307 mulsa
1112 1237 1261 1308 decocta.
1306 1241 1378 1306 ciet

292 1352 478 1410 menstrua:
501 1351 536 1408 et
550 1344 580 1408 si
594 1343 698 1408 cruda
712 1343 820 1420 detur,
835 1343 1090 1427 hydropicorum
1105 1361 1237 1424 aquam.

338 1459 506 1511 uxxxvr.
528 1444 784 1526 Melissophyllo
807 1445 877 1508 sive
899 1445 1126 1508 melittaena¹⁸
1147 1445 1178 1508 si
1197 1463 1378 1525 perungan-

294 1552 348 1610 tur
362 1545 520 1622 alvearia,
534 1563 602 1610 non
616 1546 743 1626 fugient
753 1564 848 1627 apes.
892 1544 995 1610 Nullo
1009 1545 1097 1609 enirn
1117 1547 1222 1626 magis
1238 1545 1380 1626 gaudent

295 1645 387 1712 llore-
418 1645 529 1729 Copia
538 1645 676 1711 istius²b
698 1647 854 1710 examina
863 1647 1019 1712 facillime
1032 1647 1250 1711 eontinentur.
1285 1647 1379 1712 Idem

296 1745 616 1827 praesentissimume
638 1752 692 1810 est
712 1752 826 1811 eontra
847 1747 933 1812 ictus
955 1765 1066 1812 earum
1081 1765 1333 1829 vesparumque,
1348 1751 1381 1808 et

297 1845 464 1922 similium,
480 1846 567 1910 sieut
582 1855 815 1911 araneorumr³
838 1847 915 1912 item
929 1849 1155 1929 scorpionum·
1198 1846 1283 1912 ltem
1304 1863 1381 1910 cou-

297 1951 348 2010 tra
363 1945 538 2010 vulvarum
548 1944 585 1993 ⁴⁶
607 1947 896 2028 strangulationes,
911 1948 1024 2014 addito
1038 1950 1135 2013 nitro.
1178 1946 1303 2012 Contra
1317 1955 1382 2012 tor·

297 2046 399 2122 mina,
414 2066 432 2110 e
447 2048 535 2110 vino.
580 2047 677 2112 Folia
692 2047 783 2129 ejus⁸
799 2050 932 2112 strumis
945 2050 1120 2127 illinuntur,
1132 2056 1168 2113 et
1178 2048 1271 2114 sedis
1283 2049 1382 2125 vitiis,

299 2163 374 2208 oum
389 2146 470 2210 sale.
515 2147 673 2212 Decootas
689 2145 828 2212 succus‘
841 2149 995 2216 foeminas
1009 2157 1136 2233 purgat,
1151 2156 1185 2216 et
1199 2150 1382 2214 inflammas

299 2248 429 2310 tiones⁵
455 2248 603 2324 discutit,
630 2255 663 2312 et
692 2248 803 2312 ulcera
830 2257 937 2315 sanat.
980 2249 1219 2316 Articularios⁸
1247 2252 1381 2314 morbos

753 2441 811 2461 ΜΟ
814 2441 929 2464 HOMO!

301 2569 356 2616 tier·
382 2568 474 2631 cytiso
484 2571 597 2633 mrisgit
609 2571 670 2622 edd.
683 2579 743 2622 rute
755 2573 868 2625 Brotisr.

333 2631 399 2680 cur.
413 2643 515 2681 uxxxv.
548 2640 561 2684 1
575 2635 708 2702 stahyn·
719 2652 805 2702 margo
814 2639 873 2688 edd.
883 2639 973 2690 Doleo.
985 2646 1011 2689 et
1021 2639 1159 2690 Gronov-a
1170 2637 1309 2688 uisse-e
1327 2638 1383 2688 Ver.

301 2693 392 2744 uates.
406 2701 429 2744 et
438 2697 576 2762 adstringit.
849 2704 852 2710 '

335 2760 403 2808 Cur».
420 2771 532 2811 uxxxvr.
566 2767 578 2811 1
596 2763 640 2812 lta
650 2764 725 2814 codd.
737 2763 862 2814 Hardnlni
871 2773 898 2816 et
907 2766 991 2816 chiffl.
1002 2782 1059 2817 enm
1071 2767 1130 2814 edd.
1139 2765 1267 2815 Hardrrin·
1282 2770 1305 2814 1.
1321 2771 1346 2814 tt.
1359 2771 1383 2814 t.

302 2827 328 2870 et
338 2833 448 2870 recenti.
458 2825 495 2871 ira
504 2839 603 2889 qnoque
616 2827 701 2876 Diosc.
717 2829 830 2879 melittide
841 2831 955 2879 Gronov.
968 2839 995 2881 et
1007 2834 1141 2893 vulgg.-2
1152 2829 1234 2894 Serpit
1241 2831 1290 2890 ejus
1301 2827 1385 2879 Chidl.

302 2889 350 2932 -8
369 2885 410 2933 lta
427 2888 500 2936 codd.
518 2889 720 2952 assentatorum
735 2892 793 2942 edd.
808 2893 930 2942 Harduln.
942 2899 965 2943 l.
977 2901 1002 2945 2.
1013 2899 1037 2945 ³.
1050 2903 1076 2943 et
1089 2903 1197 2942 recenti.
1221 2905 1384 2956 vesparumque

302 2953 327 2997 et
336 2961 472 2999 ereremum
484 2952 596 3003 Gronov.
608 2963 635 3004 et
645 2958 780 3020 vulgg.-t
797 2959 887 3023 Margo
898 2959 956 3009 edd.
969 2960 1058 3010 Dalec.
1075 2967 1103 3008 et
1120 2959 1234 3008 Gronov.
1243 2959 1384 3019 surgerent,

790 3121 896 3172 NOTAE

336 3215 348 3240 ¹
367 3209 542 3272 chrysocomes]
558 3211 644 3262 Diore.
661 3227 772 3277 qnoque,
787 3229 825 3263 rr.
897 3225 908 3250 ⁰
926 3219 991 3267 lderrr
1005 3218 1223 3283 prumtissimam]
1238 3219 1328 3268 Diosc.
1344 3229 1385 3268 ru·

303 3289 344 3332 55.
377 3283 479 3344 Δύναμιν
500 3283 526 3334 δὲ
548 3283 599 3347 ἔχει
618 3289 768 3351 mixis
788 3290 826 3339 καὶ
866 3298 922 3344 118.

304 3357 527 3420 affirmarim
897 3369 908 3402 ¹¹
928 3370 1079 3420 llemtontru
1093 3371 1225 3434 bulum]
1253 3370 1384 3420 videNo-

336 3443 347 3476 r
363 3435 445 3482 Datur
453 3435 531 3500 potui]
553 3436 754 3488 blateronem.
774 3447 825 3490 turn
868 3450 907 3494 tas
917 3453 943 3496 et
956 3444 1138 3495 Emeudmuur·
1148 3451 1188 3496 20.

304 3509 385 3570 istud,
395 3517 448 3558 turn
460 3517 546 3558 cetera
559 3511 736 3576 chrysocomes
746 3529 825 3565 reme·
898 3528 908 3552 ²
926 3521 994 3570 Folia
1004 3519 1065 3582 ejus]
1089 3522 1178 3571 Dieuc.
1189 3522 1239 3570 loc.
1251 3522 1298 3570 eit.
1308 3527 1385 3570 Korra·

305 3581 660 3637 diatotidornverbisotiert.
865 3593 1384 3661 aamdmmilspdmflbvmtm.

337 3657 419 3707 ⁸Sr're
440 3659 578 3723 melittoerru]
606 3663 674 3712 Vide
696 3665 778 3715 Notas
798 3673 826 3716 et
865 3671 901 3730 pri
910 3667 1029 3732 χοιράδας.

305 3732 413 3781 Emend.
425 3748 492 3782 nunr.
502 3739 540 3782 19.
899 3743 908 3777 ¹
924 3747 1034 3794 Decreta
1042 3745 1134 3808 meur]
1150 3747 1194 3794 Καὶ
1202 3748 1231 3796 τὸ
1242 3744 1353 3808 &pidum
1362 3745 1385 3794 δὲ

336 3805 348 3838 l
366 3807 528 3870 Copiot'slr'ur]
546 3811 730 3874 Respicirittod
741 3817 827 3866 bluro·
867 3820 943 3868 obruis
953 3855 960 3868 .
971 3855 977 3869 .
987 3852 994 3868 .
1003 3855 1010 3870 .
1019 3821 1077 3882 πρὸς
1092 3821 1197 3881 ἐμμήνων
1213 3821 1309 3884 hophu
1324 3824 1384 3872 stes

305 3882 345 3930 nis
369 3883 466 3947 Georg.
489 3889 586 3934 tubi.
605 3887 682 3938 ‘Huc
702 3892 827 3954 tujusros
866 3897 911 3945 rei.
945 3896 1148 3947 Diernleeru.

306 3972 415 4022 asperge
427 3973 540 4024 sapores,
550 3961 622 4010 Trita
635 3963 790 4028 meliphylla,
801 3975 828 4017 et
900 3979 912 4013 ι
927 3969 1096 4032 Arricrturtos]
1121 3970 1179 4022 Hoc
1192 3969 1252 4020 folia
1265 3981 1384 4035 praestnro

305 4035 430 4085 cerinthae
439 4037 552 4100 ignobile
561 4053 665 4100 gramen
675 4058 682 4090 :
694 4041 760 4106 lprre
769 4060 828 4094 eorr-
869 4061 926 4096 cunr
938 4045 990 4094 sale
1002 4045 1118 4107 imperita
1129 4047 1215 4096 Dieuc.
1228 4049 1265 4098 ait
1275 4051 1330 4098 loro
1342 4049 1383 4098 rit.

307 4110 654 4166 eidenrrnedicatirsedibus:
664 4117 725 4180 ipsa
735 4119 829 4170 lurinra
868 4126 895 4169 et
911 4127 1002 4168 contra
1015 4121 1083 4168 canis
1095 4120 1178 4171 rubidi
1189 4136 1287 4174 morsus
1297 4124 1384 4176 anderu

307 4196 376 4235 orere
388 4197 502 4237 suasere
515 4187 541 4236 in
559 4190 685 4242 rutabula
697 4195 828 4246 condent!
868 4209 926 4246 eum
938 4193 995 4244 vino
1006 4201 1069 4259 pota
1079 4195 1210 4258 prodesse.
