2990 4860
443 403 532 454 nnn.
555 403 652 456 nrsu.
678 407 750 457 nra.
773 407 887 458 xvrrr.
909 395 962 460 49.
1014 389 1023 394 “
1159 399 1244 466 2881

150 543 289 609 tucisu
317 545 436 611 bruma
462 547 634 634 proscindi
661 543 755 618 arva*
777 558 930 638 oportet:
959 555 1182 638 frigidioribus
1203 562 1246 626 ub

156 646 478 728 aequinoctiorum.
492 650 710 718 Etmoturios
726 653 817 718 sicca
831 655 974 736 regione,
985 677 1085 741 quam
1096 659 1244 727 humida.

158 744 327 810 Maturius
349 747 452 812 densa
467 755 563 827 terre,
588 771 686 833 quum
711 755 831 833 soluta,
856 757 972 838 pingui
993 776 1096 840 quom
1120 779 1245 826 macra.

158 843 226 910 Ubi
254 849 356 912 siocae
378 856 421 913 et
449 869 567 931 graves
588 859 734 931 aestates,
761 864 848 920 terra
867 865 1003 922 cretosa
1021 864 1079 924 aut
1102 862 1247 942 gracilis,

158 946 271 1011 utilius
285 948 371 1013 inter
385 951 563 1016 solstitium
575 957 765 1020 orantumni
781 958 1020 1039 aequinoctium
1034 966 1155 1026 aratur.
1177 962 1248 1027 Ubi

158 1047 251 1112 leves
266 1056 382 1129 aestus,
395 1051 587 1135 frequentes
597 1056 732 1135 imbres,
746 1060 867 1142 pingue
883 1059 1126 1145 herbosumque
1140 1062 1248 1127 solum

152 1148 205 1211 ibt
220 1149 342 1215 mediis
357 1153 553 1217 caloribus.²
597 1154 711 1221 Altum
726 1164 760 1222 et
773 1179 871 1241 grave
888 1161 997 1224 solum
1015 1164 1115 1226 etiam
1129 1163 1248 1247 hyeme

159 1250 289 1314 moveri
313 1252 437 1335 placet:
464 1259 561 1320 tenue
584 1255 682 1322 ratde
707 1264 741 1323 et
765 1260 903 1341 aridum,
925 1263 1027 1346 paulo
1054 1270 1128 1329 aute
1148 1269 1248 1330 satio-
1309 1311 1310 1314 κ

159 1359 259 1415 nem.³

202 1450 291 1518 Sunt
305 1459 340 1517 et
354 1454 407 1520 bic
422 1474 492 1520 suae
504 1456 611 1538 leges:
628 1458 834 1525 ‘Lutosomd
849 1465 965 1526 terrum
978 1483 1020 1527 ue
1034 1465 1171 1548 tangito.
1201 1465 1250 1532 Vi

162 1553 253 1616 omni
268 1559 378 1619 arato:
401 1556 597 1640 priusquam
621 1562 982 1644 ores,⁴proscindito.'⁰
1027 1565 1106 1630 Hoc
1127 1566 1249 1632 utitita-

160 1659 225 1717 tem
235 1653 347 1733 babet,
364 1658 456 1739 quod
469 1658 601 1723 inverso
611 1663 738 1744 cespite
751 1663 924 1734 herbarum
934 1665 1065 1731 radices
1080 1673 1250 1734 necantur.

162 1752 308 1832 Quidam
336 1759 452 1841 utique
482 1760 525 1823 ab
555 1762 759 1846 aequinoctio
787 1784 890 1830 veruo
919 1767 1088 1848 proscindi
1127 1769 1250 1834 uolunt.

163 1853 266 1932 Quod
289 1877 367 1922 vere
383 1861 487 1924 semel
512 1869 637 1926 aretum
663 1869 724 1941 est,
747 1884 769 1930 a
787 1867 947 1950 temporis
969 1876 1164 1951 argumento
1180 1889 1252 1937 rer-

162 2181 222 2231 edd.
243 2181 371 2234 Hardrriu.
392 2189 415 2234 t.
431 2189 456 2236 t.
476 2189 501 2235 8.
517 2191 544 2237 et
558 2194 670 2238 receuti.
693 2191 776 2240 metiar
793 2193 907 2242 coloribus
925 2193 1041 2243 Gronov.
1053 2200 1079 2242 et
1096 2194 1129 2243 at.
1141 2199 1252 2245 vett-t

163 2246 224 2296 ‘Ita
236 2247 304 2297 baua
315 2249 372 2297 cod.
385 2251 449 2312 trag.
459 2255 483 2299 i.
495 2257 522 2300 et
535 2251 623 2302 Editio
636 2252 774 2317 princepe!
790 2257 898 2307 Brotr'er.
926 2257 969 2308 lta
980 2271 1082 2321 quoque
1094 2257 1178 2309 cntffl.
1200 2265 1256 2309 uate

163 2311 263 2360 ationis
272 2316 362 2374 trram
373 2312 488 2380 Gronov.
498 2320 525 2364 at
536 2317 570 2364 at.
582 2324 646 2365 retr.
657 2318 718 2366 itero
730 2319 858 2368 Harduiu.
875 2326 898 2370 1.
914 2324 939 2369 2.
957 2324 982 2369 Ι.
1001 2321 1097 2370 Mittor.
1109 2322 1214 2386 Bipout.
1226 2329 1255 2373 et

163 2375 306 2424 Franz-4
321 2376 385 2424 ‘Ita
403 2377 479 2426 codd.
501 2378 568 2442 Reg.
589 2383 614 2428 2.
636 2388 664 2430 et
681 2381 769 2433 Editio
794 2383 932 2446 princeor!
948 2385 1055 2436 Bmtirr.
1082 2385 1125 2435 Ita
1152 2401 1254 2450 quoque

165 2437 278 2489 Gronov.
290 2445 317 2489 et
329 2440 362 2490 at.
374 2447 438 2492 vett.
460 2442 528 2503 prr‘ru
538 2458 607 2506 quoru
619 2459 674 2494 oros
690 2445 818 2497 Hrrduini
829 2447 904 2498 codd.
917 2455 944 2498 et
959 2446 1042 2500 chiffl.
1053 2449 1115 2500 item
1126 2449 1256 2502 Hardutu.

656 2619 680 2669 tt
684 2619 762 2670 01¹AE

164 2709 281 2760 rrbiurur
301 2724 334 2762 ue
355 2713 453 2764 tatornr
473 2727 533 2778 ager
553 2719 691 2775 tractetur,
732 2715 792 2764 anni
804 2721 921 2780 tempure
932 2717 1015 2781 campi
1026 2717 1117 2768 arandi
1128 2718 1198 2768 rint!

164 2799 230 2835 uere
257 2787 355 2849 exiguir
382 2790 475 2839 nimbis
501 2789 691 2848 remtrnadidnr,
764 2788 915 2853 imaum]
933 2791 1031 2840 Paltrd.
1052 2792 1096 2840 tib.
1117 2805 1148 2841 ιι.
1167 2791 1193 2841 in
1211 2791 1255 2843 Ja-

165 2873 242 2924 quam
263 2866 359 2911 terram
385 2865 472 2913 rustici
492 2865 588 2912 variam
609 2862 690 2912 rario-
732 2867 874 2913 noanon
891 2867 969 2927 otti.
984 2863 1197 2915 ‘Observandum
1209 2872 1259 2927 art,

166 2949 271 3000 raroque
283 2938 424 3001 appellant.
457 2939 495 2988 Ea
510 2945 549 2989 ert
563 2953 620 2988 cum
632 2945 692 3002 port
731 2952 764 2988 ue
775 2940 872 2988 tutorur
883 2953 945 3004 ager
954 2945 1043 2990 uretur
1054 2973 1075 2990 ..
1084 2977 1090 2990 .
1100 2942 1168 2992 Nam
1181 2947 1258 3004 terra,

166 3011 254 3074 iungar
275 3013 408 3063 siccitates
429 3015 495 3064 teris
511 3014 599 3077 pluria
615 3028 689 3077 rupe·
732 3028 788 3077 qun
812 3014 895 3063 lutura
919 3020 1046 3065 tractetur
1064 3015 1091 3064 iu
1111 3015 1261 3078 primordio,

166 3085 260 3136 norem
279 3095 377 3151 partam
394 3089 528 3152 glebarum
545 3087 691 3145 madefacit,
731 3088 816 3139 fertur
831 3096 886 3139 roto
903 3103 968 3138 auno
984 3103 1035 3138 uon
1048 3103 1123 3152 posse
1134 3088 1260 3138 tractari?

165 3159 314 3214 inferiorern
333 3181 381 3216 non
399 3166 523 3230 attingit‚’
539 3169 589 3216 &c
622 3166 692 3215 Vide
733 3163 900 3213 Columellam
920 3172 1028 3227 uterque
1046 3163 1172 3226 requitur,
1188 3177 1220 3212 rr.
1234 3167 1260 3212 t.

166 3251 226 3300 qure
241 3238 275 3288 de
294 3247 363 3290 terra
380 3243 479 3292 cariora
496 3242 606 3291 dixinnrs
618 3255 691 3290 xrrr.
732 3237 970 3302 ‘Quandocumque
990 3238 1115 3300 arabitur,
1137 3238 1260 3287 observa·

167 3315 190 3360 8.
202 3311 333 3375 'l'treopbn
345 3316 377 3363 de
388 3315 481 3364 Cauris
492 3329 535 3366 ιιι.
546 3319 587 3365 28.
599 3331 624 3379 p.
636 3319 693 3364 29³.
733 3312 816 3362 bimur
825 3327 856 3362 ue
865 3315 1033 3376 trrtosusager
1044 3320 1181 3369 tractetur,
1194 3325 1260 3361 uere

167 3387 196 3436 id
206 3393 284 3437 tarrae
296 3389 514 3452 genurductrpyov
524 3397 643 3452 recubet
652 3405 695 3439 ve·
734 3387 844 3449 exiguis·
857 3387 949 3436 nimbis
971 3387 1162 3448 ae'nrioradtdrrr,
1185 3401 1260 3451 qrrrnr

167 3463 303 3512 bemanter
320 3465 460 3528 improbat.
488 3465 594 3514 (intenta
616 3463 696 3512 rerba
735 3469 828 3512 terram
854 3463 942 3512 rustici
971 3462 1066 3511 variam
1086 3463 1261 3525 cariosamque

168 3545 228 3588 runt
240 3540 289 3588 toc.
301 3539 347 3590 cit.
371 3539 486 3603 ‘Agrum
497 3539 695 3589 frumentarium
736 3536 884 3599 appeliant.
894 3571 900 3586 .
911 3571 918 3585 .
929 3537 996 3586 Nanr
1018 3551 1074 3598 quar
1093 3537 1183 3584 tirnora
1203 3550 1260 3586 rer-

168 3627 226 3663 curu
245 3627 313 3672 arar,
326 3614 392 3664 bene
407 3622 435 3664 et
452 3613 604 3678 tempestive
622 3627 692 3662 ares:
736 3617 906 3673 eruturum,
918 3617 1052 3658 torcanuo
1067 3609 1191 3661 desinunt
1202 3626 1261 3674 por-

168 3689 240 3739 rutco
252 3689 322 3738 ruric
334 3704 367 3738 ne
379 3690 455 3738 area!
654 3699 658 3707 ·
736 3701 765 3737 ae
776 3687 900 3736 tractari:
913 3699 961 3736 nec
972 3693 1031 3734 suut
1040 3685 1262 3749 habitionementi,

200 3769 212 3796 ⁶
230 3761 405 3825 Tepidtrritrur]
420 3762 544 3826 Virgitiur
561 3761 659 3824 θροις.
675 3775 694 3810 ι.
735 3761 928 3823 autocrationt,
938 3768 983 3812 rut
994 3761 1097 3811 rationi.
1124 3761 1161 3811 At
1173 3775 1260 3811 roraur

169 3842 209 3888 tt.
226 3838 315 3887 ‘Vere
334 3852 408 3896 noro,
427 3838 527 3902 gelidur
544 3839 616 3888 cauis
635 3851 693 3887 curu
734 3853 792 3904 qnae
817 3840 886 3890 varia
913 3840 1021 3889 rubacta
1047 3843 1114 3893 runt,
1141 3839 1262 3888 contiuuo

168 3913 298 3963 montibus
310 3913 399 3963 bumor
415 3915 544 3978 Ltqrritur,
557 3921 584 3964 et
595 3913 697 3979 Zepby·
735 3916 848 3965 triennio
856 3916 995 3965 rterttitate
1003 3907 1166 3963 adiciuntur!

168 3990 330 4051 repntrirre
341 3990 549 4053 gtebarerotrit:
563 3989 697 4054 Deprerro
768 3991 957 4055 eProrrirrdr'to]
976 3989 1062 4038 Varro
1078 4001 1097 4036 ι.
1119 3990 1159 4036 19.
1182 3985 1263 4035 ‘Ter-

168 4065 278 4128 iucipiat
290 4067 346 4130 jam
363 4073 417 4120 torn
434 4067 495 4116 mibi
512 4075 598 4117 tarrrur
610 4073 696 4116 aratro
737 4077 790 4114 ram
809 4079 867 4112 curu
880 4066 1083 4128 primomarmr,
1095 4061 1262 4126 proscindere

169 4141 315 4203 ingemere,
326 4148 354 4190 et
368 4143 438 4191 ruico
448 4143 553 4191 attritur
565 4140 696 4204 rutender·
736 4139 883 4204 appeliant.'

170 4225 230 4266 cere
242 4215 346 4280 vomer!
361 4216 428 4267 Vide
439 4217 540 4268 Cotum.
550 4229 581 4268 ιι.
593 4221 618 4267 «t.
629 4216 697 4281 ‘quo

235 4295 325 4359 Drtpt.
333 4300 357 4346 et
367 4295 425 4348 Ver.
438 4297 503 4346 ctor.
661 4293 764 4346 Plinius.
1141 4301 1157 4345 e
1173 4295 1198 4344 U
