3032 4858
454 431 542 479 rur.
566 429 665 480 nisu.
690 429 763 476 urs.
788 428 875 477 xxr.
896 413 952 478 69.
1162 409 1248 476 3271

160 574 327 639 acervatis
340 590 433 655 saeps
447 573 567 638 bulbis.
610 571 875 654 Theophrastus,
890 569 1006 635 atsere
1021 569 1145 645 Graeei,
1160 571 1248 654 prin·

159 695 307 759 cepsque
321 674 537 759 Pythagoras,
552 675 682 738 caulem
697 673 772 756 ejus
788 673 978 749 cubitalem,
991 679 1025 737 et
1039 693 1131 755 saepe
1146 673 1249 736 duum

160 778 359 855 circitorum,
371 776 462 840 soliis
478 777 589 859 porri⁸
605 777 779 859 sylvestris
792 776 988 840 anthericon-
999 793 1160 840 vocavere
1174 796 1181 837 :
1197 796 1250 840 ra·

160 877 265 941 dicem
282 895 371 954 vero,
383 877 416 941 id
431 885 493 953 est,
515 877 649 954 bulbos,
665 877 880 960 asphodelon.
926 876 1046 941 Nostri
1057 877 1140 941 illud
1156 880 1250 943 albu·

160 976 258 1042 cumb
279 985 417 1055 vocant,
440 987 474 1042 et
497 978 716 1061 asphodelum
731 979 892 1043 hastulam
908 980 1043 1061 regiam,
1060 981 1166 1045 caulis
1181 982 1249 1045 aci·

158 1075 269 1142 rrosi:i
290 1099 330 1144 ac
344 1079 428 1143 duo³
451 1098 568 1160 genera
583 1078 716 1143 iaciunt.
761 1079 895 1144 Albuoo
920 1087 973 1145 est
993 1076 1134 1164 scapusj
1157 1082 1248 1146 cubi·

158 1181 248 1258 talis,
263 1183 408 1264 amplus,
423 1200 538 1263 purus,
552 1180 660 1250 laevis.
703 1181 756 1246 De
772 1201 840 1264 quo
854 1180 957 1262 Mago
975 1182 1139 1264 praecipit,
1156 1183 1249 1246 exitu

158 1282 283 1346 mensis
296 1282 421 1359 Martii,
445 1290 478 1345 et
501 1283 595 1346 initio
610 1280 752 1365 Aprilis,
768 1299 843 1345 oum
859 1281 1019 1358 floruerit,
1035 1281 1181 1346 nondum
1195 1285 1248 1346 se*

158 1385 247 1447 mine
257 1383 333 1467 ejus
344 1385 594 1460 intumescente,
603 1382 833 1447 demetendum
846 1383 1100 1466 :findendosque
1114 1401 1249 1468 scapos,-

157 1491 192 1546 et
207 1492 325 1568 quarto
336 1485 391 1548 die
407 1485 441 1548 in
456 1485 571 1548 Solem
585 1485 816 1568 proferendos:
840 1487 887 1548 ita
901 1485 1039 1550 siccatis
1059 1486 1247 1567 manipulos

156 1583 341 1651 faciendos.
386 1585 507 1650 Idem⁴
528 1589 696 1670 pistanam
712 1587 793 1651 dicit
815 1607 837 1652 a
852 1587 984 1652 Graecis
1004 1588 1130 1663 vocari,
1146 1606 1248 1671 quam

156 1686 240 1751 inter
255 1689 350 1753 ulvas
365 1689 520 1769 sagittam
545 1685 784 1772 appellamus.'‘
828 1690 927 1754 Hauc
949 1690 992 1753 ab
1019 1687 1137 1752 Idibus
1162 1687 1247 1752 Maii

157 1789 321 1871 usquead
337 1789 436 1854 finem
448 1789 605 1854 Octobris
617 1792 739 1854 mensis
755 1789 959 1868 decorticari,
969 1795 1070 1873 atque
1083 1790 1149 1853 leni
1166 1790 1247 1854 Sole

158 1892 277 1954 siccari
289 1890 396 1974 jubel.
442 1891 535 1955 ldem
559 1901 595 1955 et
619 1891 798 1972 gladiolum
825 1892 976 1971 alterum,
992 1911 1091 1975 quem
1106 1893 1246 1976 cypiron

158 2002 290 2071 nocant,
303 1998 336 2056 et
349 1994 458 2075 ipsum
470 1989 671 2075 palustrem,¹
685 1991 705 2056 J
711 1993 779 2057 ulio
796 2013 906 2058 menso
921 2001 1015 2058 toto⁵
1029 1994 1137 2057 secari
1148 1993 1247 2076 jubet

157 2093 202 2157 ad
216 2096 371 2172 radicem,
388 2096 557 2177 tertioque
572 2093 627 2158 die
639 2095 672 2155 iu
688 2093 767 2157 Sole
790 2094 923 2170 siccari,
950 2094 1059 2158 donec
1083 2093 1246 2158 candidus

157 2196 226 2259 fiat.
272 2196 433 2276 Quotidie
464 2203 570 2260 autem
596 2203 672 2258 ante
697 2196 809 2260 Solem
832 2196 1039 2260 occidentem
1063 2197 1246 2258 intectum

157 2297 280 2375 referri,
303 2298 460 2381 quoniam
490 2297 698 2380 palustribus
723 2296 870 2360 desectis
895 2297 1047 2361 nocturni
1075 2315 1163 2360 rores
1188 2315 1246 2359 no·

157 2407 265 2463 ceant.

202 2517 312 2564 uxrx.
333 2499 484 2585 (xviri.)
505 2500 636 2565 Similia
651 2500 857 2582 praecipitet
872 2487 1039 2583 dejunoo,
1059 2519 1157 2583 quem
1177 2517 1245 2562 ma·

155 2755 237 2798 matra
247 2765 270 2797 o.
282 2763 368 2798 noxam
379 2749 515 2798 Doleo-t
528 2748 571 2798 lta
580 2747 656 2797 codd.
665 2746 794 2798 Hrrduini
803 2753 829 2795 et
842 2743 925 2796 chiffl.
938 2759 994 2794 eum
1008 2743 1067 2793 edd.
1079 2744 1207 2794 llerduiu.
1220 2748 1243 2793 1.

155 2820 180 2863 2.
191 2819 215 2863 t.
225 2813 322 2862 Miller.
331 2814 436 2875 Bipunt.
450 2820 477 2861 et
488 2813 577 2862 Franz.
608 2813 661 2861 illoc
671 2813 777 2861 olianta
787 2815 878 2865 carm.
888 2816 911 2859 ct
921 2811 1010 2858 caulem
1021 2809 1136 2858 lutatam
1146 2809 1246 2870 region,

155 2881 196 2940 ire.
214 2891 302 2941 mergo
317 2876 378 2925 edd.
395 2878 485 2926 Driec.
496 2884 522 2925 ot
535 2877 648 2927 Gronov.
670 2877 815 2939 asphodelon.
833 2875 939 2924 Hortata
955 2875 1023 2935 regin
1040 2889 1067 2922 eu
1078 2877 1114 2922 ert
1130 2877 1154 2922 et
1171 2873 1245 2922 ωυῑίι

154 2943 250 2992 «oront.
275 2941 554 3003 Ejaadrocoddlrlee.
586 2941 810 3000 mahmregium.
846 2938 1046 2988 Euertetorrrlr'o
1056 2937 1152 2986 odram.
1185 2937 1245 2998 Eius

154 3008 200 3054 dno
210 3007 323 3056 Gronov.
331 3015 358 3055 et
369 3007 505 3070 volup-t
518 3005 559 3054 lte
567 3005 640 3055 codd.
655 3004 791 3059 llrrdrrini,
801 3017 859 3051 cnm
871 3001 930 3051 edd.
941 3001 1069 3052 Herduin.
1079 3006 1102 3050 1.
1112 3006 1136 3050 2.
1149 3005 1173 3049 8.
1183 3003 1243 3052 Mil·

155 3072 201 3119 ler.
213 3071 317 3134 Bipunt.
329 3079 356 3121 et
368 3071 459 3119 Frons.
476 3070 533 3118 dem
548 3068 607 3118 edd.
620 3075 685 3117 seit.
697 3077 724 3118 et
735 3069 896 3118 tironum-t
914 3067 971 3114 Vox
988 3071 1036 3115 toto
1052 3066 1126 3114 deest
1143 3063 1169 3113 iu
1185 3065 1243 3115 cod.

154 3135 247 3186 Doleo.
280 3135 361 3186 Paulo
373 3144 442 3197 post,
454 3133 729 3196 cicumspectus
737 3133 792 3182 sole.

644 3255 754 3311 Nom

186 3359 195 3396 ¹
208 3361 324 3412 LXXX.
334 3361 414 3425 simul]
435 3360 616 3411 &ptenarium
628 3373 677 3407 tu·-
715 3357 766 3404 loc.
779 3355 826 3405 cit.
837 3354 925 3418 καρπὸν
935 3353 961 3404 ai
970 3352 1130 3418 στρογγύλον.

153 3451 186 3500 pe
198 3451 328 3486 numerum
341 3436 466 3485 excedere
478 3437 513 3483 ait
526 3433 676 3482 Mettlrioiut
745 3431 860 3481 latam
878 3430 1025 3493 artocopus]
1054 3431 1174 3480 Dioscor.
1191 3429 1241 3477 loo.

151 3515 179 3562 iu
191 3513 279 3562 Dioro.
291 3511 335 3562 lib.
349 3525 378 3560 rr.
391 3525 448 3573 ρας.
460 3514 516 3560 6⁰2.
715 3507 759 3556 cit.
771 3507 865 3556 lerorir
875 3505 950 3556 ruodo
958 3506 1029 3570 roupi
1042 3505 1168 3554 meminit:
1186 3520 1241 3552 roo·

185 3597 198 3633 t
217 3589 294 3638 Foliis
302 3587 380 3649 porri]
398 3587 488 3636 Dicto.
500 3600 531 3636 rr.
542 3589 598 3636 loo.
614 3583 675 3634 dda—
714 3583 759 3632 alr
769 3581 795 3631 tt
806 3584 879 3632 λεῖον.

152 3660 346 3726 λαέχωντρόσψ
355 3658 537 3723 willelmae.
745 3653 896 3719 *Santram
905 3657 1059 3721 oppellnmur]
1073 3655 1240 3705 Recentiorrr

183 3739 300 3791 ¹¹Nostri
310 3740 368 3788 illud
385 3739 501 3803 mmm]
528 3739 674 3790 Scribonius
713 3735 874 3796 trgittalrm:
901 3733 942 3781 alii
963 3734 1086 3796 Linguam
1103 3731 1240 3795 serpentia.

151 3818 251 3881 Largus
281 3816 388 3878 'tripos
405 3818 460 3863 itt.
485 3815 674 3878 ‘Hastulgre
717 3810 1140 3872 PingituraDodonoeopag.tl'l.
1162 3807 1240 3856 Patr·

150 3893 210 3956 gin,
229 3815 455 4028 1111&er
470 3889 555 3939 Grreci
567 3889 676 3940 dicunt.'
719 3887 754 3934 rii
773 3884 933 3950 frequentem
956 3898 1013 3933 esse
1033 3886 1070 3933 rit
1089 3883 1240 3946 Anguillrrs

152 3967 278 4031 Apuleius
289 3981 317 4016 cr
338 3997 345 4012 .
357 3969 396 4014 Ω.
417 3965 424 3990 ‘
436 3965 458 4014 Α
469 3964 569 4015 Gracia
580 3967 676 4016 dicitur
717 3976 773 4025 prr.
784 3974 825 4012 ιι.
838 3976 897 4025 pag.
911 3964 965 4009 182.

150 4042 316 4106 asphodelus,
328 4042 426 4090 Lrtinit
436 4039 676 4104 hrotularepimli·
748 4039 755 4073 ¹
773 4041 805 4088 Et
821 4039 898 4102 ipram
907 4036 1046 4100 pulcotrern]
1069 4034 1240 4086 Quemadmo-

149 4115 379 4184 quibusmultum!
715 4115 774 4164 dom
787 4121 814 4164 et
830 4115 948 4177 palustris
966 4112 1059 4174 segltta
1075 4117 1125 4172 ert,
1139 4111 1172 4159 da
1188 4125 1240 4175 que

183 4194 190 4226 ¹
219 4193 303 4242 Cauiis
321 4189 422 4252 mironi]
449 4192 566 4241 Ferentio
587 4205 676 4242 remen
715 4192 811 4242 dietum
824 4191 947 4255 proxime.
975 4187 1240 4251 Forteglediolutett

152 4268 301 4324 rotundum,
324 4267 404 4316 instar
425 4266 562 4316 acinorum.
591 4265 678 4320 Dicto.
718 4270 835 4334 aquatilis
847 4264 982 4329 Dodonaei,
994 4279 1053 4330 pag.
1065 4267 1121 4314 6⁰⁰.
