2964 4872
260 385 346 452 2068
389 397 545 450 ccnrcss
571 397 609 446 rn
634 397 823 446 nrnnrorrr.
847 397 969 448 antur.
992 397 1210 448 assnnvsrr.

258 547 347 623 bros,
369 549 401 608 et
420 550 583 627 praeterea
604 541 831 623 unusquisque
853 541 935 606 liber
960 541 1026 606 sibi
1050 542 1221 626 proprium
1246 543 1347 608 habet

259 650 488 728 argumentum
502 643 537 707 in
550 661 648 707 versu
663 641 806 705 heroico.

302 747 399 811 Alios
416 751 543 829 septem
557 741 690 808 codices
701 743 800 807 Statii
810 741 1003 808 Thebaidos
1017 743 1136 808 retinet
1147 743 1349 810 bibliotheca

261 847 457 914 Harieiana.

303 950 392 1014 luter
406 947 550 1012 Codices
566 943 771 1020 Burneianus,
784 941 830 1008 N.
850 943 925 1008 257.
939 950 993 1007 est
1014 945 1090 1010 cod.
1111 947 1292 1012 membran.
1307 948 1349 1011 li.

259 1053 338 1117 hros
367 1066 439 1114 xrr.
471 1046 664 1113 Thebaidos
693 1047 876 1122 continens,
916 1045 1115 1130 quibusdam
1144 1049 1275 1130 paginis
1303 1049 1349 1113 ad

262 1153 444 1221 editionem
471 1149 574 1214 Joan.
603 1145 800 1211 Vcenhusen
836 1146 979 1225 collatis,
1017 1146 1204 1212 charactere
1240 1168 1349 1232 parvo

260 1256 360 1322 Goth.
374 1252 482 1318 lucide
495 1251 652 1334 scriptus,
665 1255 700 1313 et
720 1249 801 1312 mire
820 1247 1035 1327 illuminatus,
1051 1269 1129 1314 cum
1149 1249 1261 1331 figuris
1277 1251 1349 1314 ele·

260 1363 376 1440 gauter
389 1354 504 1438 pictis,
519 1369 633 1417 omnes
649 1369 744 1433 paene
757 1348 951 1415 Thebaidos
967 1358 1079 1433 partes
1091 1351 1348 1416 illustrantibus.

260 1455 447 1540 Praetigitur
490 1451 734 1535 Compendium
763 1452 864 1516 totius
894 1451 1088 1517 Thebaidos
1122 1454 1290 1536 prosaice,
1326 1472 1350 1518 a

259 1557 439 1624 Lactantio
455 1554 662 1638 Campanas,
673 1559 707 1619 ct
721 1553 962 1636 subjunguntur
978 1554 1177 1636 singulorum
1191 1555 1349 1619 librorum

260 1664 461 1744 argumenta.
507 1655 631 1720 Nullas
639 1655 740 1720 habet
754 1656 998 1734 annotationes,
1013 1657 1154 1738 glossas,
1168 1660 1226 1720 aut
1237 1657 1349 1722 vanas

260 1763 444 1826 lectiones:
472 1756 664 1824 'lbebaidos
693 1775 773 1821 vero
800 1756 966 1834 codicum,
992 1775 1078 1840 quos
1101 1756 1255 1835 vidimus,
1278 1778 1348 1823 cm·

258 1863 350 1926 nium
365 1861 463 1943 longe
478 1863 529 1924 est
541 1857 794 1941 pulcherrimus.

304 1962 350 2027 N.
371 1962 446 2027 258.
467 1959 658 2026 Thebaidos
673 1959 767 2023 Libri
782 1973 852 2023 xu.
867 1957 945 2022 cod.
961 1956 1027 2022 Ms-
1041 1958 1221 2024 membran.
1236 1961 1349 2026 collat.

260 2063 304 2130 ad
326 2062 488 2147 quasdam
512 2079 611 2146 pagg.
635 2059 789 2126 editim
810 2057 910 2124 Jcan.
932 2057 1145 2138 Vcenhasen,
1160 2079 1236 2126 curn
1258 2063 1348 2128 netis

259 2165 497 2248 marginalibus
512 2170 548 2226 et
560 2164 663 2244 glosa.
676 2179 756 2226 saec.
772 2175 828 2225 xr.
842 2162 898 2226 vel
913 2175 984 2225 xrr.
998 2161 1080 2225 nihil
1094 2163 1272 2227 mutilatus.

303 2265 344 2330 In
360 2263 568 2328 Bibliotheca
590 2260 704 2326 Musei
726 2262 910 2326 Britannici
935 2268 987 2327 est
1008 2263 1111 2328 etiam
1125 2263 1230 2329 editio
1245 2265 1352 2350 lugd.

261 2367 339 2433 Bat.
354 2365 450 2430 1616.
466 2380 543 2427 cum
557 2363 644 2428 notis
657 2362 743 2426 Mss.
756 2357 897 2426 Ricardi
909 2363 1064 2444 Bentleii,
1079 2372 1114 2429 et
1128 2365 1237 2430 Paris.
1253 2366 1351 2431 1618.

261 2487 337 2533 cnm
359 2466 447 2531 notis
472 2463 558 2530 Mss.
578 2463 728 2547 ejusdem
753 2464 905 2528 Bentleii.
953 2464 1021 2531 His
1044 2467 1150 2531 addas
1171 2467 1350 2550 Sylvarum

260 2570 382 2634 Libros
412 2569 559 2651 quinque
586 2565 785 2652 (secundum
810 2567 922 2631 varias
950 2563 1130 2654 editiones)
1157 2587 1232 2635 cum
1260 2571 1347 2636 netis

261 2670 348 2736 Mss.
362 2669 432 2735 ier.
448 2667 648 2735 Marklandi.

596 2815 720 2883 Codices
738 2815 1017 2907 Cantabrigimscr.

306 2964 345 3028 in
360 2963 512 3031 Biblictb.
528 2963 626 3031 Padi.
642 2965 752 3030 codex
774 2971 826 3031 est
846 2965 1051 3048 Thebaidos,
1072 2970 1251 3035 membran.
1271 2989 1351 3035 saec.

260 3081 342 3132 xlv,
358 3067 549 3132 charactere
570 3065 669 3132 Goth.
683 3083 760 3131 cum
775 3069 860 3132 uotis
873 3077 907 3134 et
929 3071 1032 3152 gloss.
1054 3071 1218 3137 Manceps
1239 3080 1304 3152 est,
1318 3077 1353 3136 et

259 3167 373 3234 deficit
386 3175 464 3254 post
478 3187 613 3234 versum
628 3167 702 3234 666
715 3168 793 3234 libri
807 3185 876 3236 xrs.

385 3269 491 3355 Cujus
502 3273 537 3336 in
553 3269 683 3355 Ogygio
697 3277 763 3336 stet
776 3272 933 3356 princeps
948 3274 1069 3340 lancea
1081 3293 1190 3340 muro.

302 3368 344 3433 In
359 3365 467 3432 Dema
482 3369 624 3436 Petrcari
638 3371 750 3436 codex
766 3380 822 3437 est
835 3375 890 3438 cui
905 3375 954 3441 tit.
1209 3367 1213 3376 ’

640 3471 774 3536 Stacius

639 3573 804 3658 Papinius
823 3575 1034 3662 Thebaydos.

640 3673 755 3739 Oracii
770 3675 927 3742 Carmina

767 3777 943 3843 Sermones

765 3877 939 3963 Epistola.

257 3973 412 4066 llicnhis.
426 3975 564 4060 incipit:

343 4077 519 4144 Fraternas
533 4078 626 4144 acies
640 4079 832 4165 alternaque
845 4099 946 4166 regna
959 4082 1142 4167 prophanis

341 4177 530 4246 Dissertata
542 4179 654 4248 bediis
669 4185 782 4249 sontes
796 4203 861 4266 que
873 4183 1010 4252 volvere
1024 4183 1172 4252 Thebas.
