2990 4866
430 343 518 436 reru.
540 384 640 444 rrrsr,
665 387 739 438 ura.
764 387 836 442 xx.
858 375 913 442 87.
1128 383 1217 452 etto

119 549 177 596 cos
194 534 338 614 premat,
359 530 508 597 cruribus
531 535 589 596 aut
609 531 715 600 etiam
726 534 830 616 capiti
846 534 1078 609 illicitur-cum
1093 538 1158 605 fico
1173 561 1217 610 ex

119 638 229 698 aceto.
272 631 414 698 Veteres
430 631 578 698 dolores'¹
594 633 751 715 thoracis,
766 635 965 715 lumborum,
981 639 1217 722 coxendicum,

119 732 345 810 humerorum,
375 740 409 798 et
437 736 471 797 in
497 754 710 818 quacumque
743 744 837 818 parte
867 739 1042 822 corporis⁶
1070 761 1116 806 ex
1145 743 1217 810 alto

118 833 225 896 vitia⁰
246 833 451 899 extrahenda
465 839 553 910 suut,
569 835 691 899 illitum
708 839 859 902 caustica
873 839 907 902 vi
921 841 1081 919 emendat,
1098 849 1217 925 pustu-

117 936 169 999 las
184 933 354 999 faciendo.
398 934 447 999 At
466 936 501 998 iu
523 955 644 1017 magua
659 935 803 1000 duritia⁷
826 939 899 1002 siue
918 939 985 1005 fico
1006 943 1216 1025 impositum:

117 1035 174 1098 vel
190 1036 222 1098 si
236 1034 458 1100 vehementior
472 1037 586 1100 ustio⁸
609 1037 777 1115 timeatur,
802 1058 859 1120 per
873 1039 1051 1122 duplices?
1071 1063 1215 1126 pannos.

118 1135 271 1201 Utuntur
285 1138 351 1202 adt
373 1137 547 1219 alopecias
563 1158 639 1202 curn
653 1140 798 1216 rubrica,
820 1160 950 1222 psoras,
964 1142 1087 1226 leprae,
1103 1145 1216 1228 phthi-

14 1269 17 1274 v
117 1237 250 1315 riases,r
285 1239 489 1314 litauicos,⁹³
524 1239 801 1321 opisthotonicos.
855 1240 1028 1324 Inungunt
1065 1247 1216 1328 quoquet

116 1341 259 1427 scabras
273 1359 387 1420 genas,
404 1347 464 1404 aut
479 1340 660 1422 caligantes
682 1341 799 1405 oculos
820 1361 893 1406 oum
917 1345 1026 1408 melle.
1071 1346 1215 1412 Succus-

117 1460 184 1524 que
211 1443 316 1506 tribus
339 1441 472 1506 modis¹¹
493 1443 690 1525 exprimitur
712 1444 744 1506 iu
768 1443 874 1520 fictili,
890 1445 1094 1530 calescitque
1117 1449 1149 1511 in
1173 1468 1214 1512 eo

116 1541 198 1608 Sole
227 1543 369 1608 modice.
412 1541 495 1608 Exit
519 1550 553 1608 et
577 1563 596 1606 e
624 1544 814 1608 cauliculo'
843 1563 963 1613 succus
991 1546 1130 1627 lacteus,
1155 1549 1214 1632 qui

575 1705 759 1729 ‘mm'

115 1819 204 1868 norbo.
237 1819 273 1868 Et
283 1821 406 1870 summm
417 1821 531 1871 Gronov.
543 1829 571 1870 et
591 1823 622 1872 sl.
641 1829 703 1872 vett.
725 1823 767 1872 Es
784 1825 906 1874 asturum
917 1824 980 1875 vet.
993 1828 1132 1877 Delam-5
1151 1825 1215 1877 ‘Its

115 1883 185 1933 baua
198 1883 262 1933 Mas.
275 1883 340 1948 Reg.
358 1888 382 1934 1.
401 1893 428 1934 st
446 1891 469 1935 2.
489 1885 631 1936 Comitialis
649 1886 753 1936 morbus
772 1888 883 1937 maxime
902 1890 934 1939 sd
955 1892 1068 1942 homiues
1089 1891 1214 1954 pertinet,

116 1949 252 1997 salsarum
270 1950 403 1998 conversio
419 1949 451 1998 ad
470 1948 596 2002 t'oerniuas.
626 1951 712 1999 Recte
730 1966 793 2014 ergo
805 1951 913 2016 dictum,
924 1955 1058 2020 suffocatos.
1092 1957 1148 2006 Nec
1162 1955 1215 2006 fuit

115 2011 352 2074 emendaudrrm,su
375 2013 470 2062 acutas!
487 2016 598 2064 Brutisr.
625 2015 755 2080 suffocatus
771 2013 1062 2068 Gronor.Harduin.l.
1078 2019 1213 2070 mahtil-

113 2078 162 2126 lcr.
173 2077 283 2138 Bipout.
294 2084 322 2125 et
361 2082 478 2128 rana-tl
495 2079 537 2128 Ita
555 2078 631 2128 codd.
644 2080 772 2128 Harduiui
788 2088 815 2128 et
832 2080 916 2130 cuim
932 2097 989 2131 curu
1008 2083 1069 2133 edd.
1084 2082 1213 2132 Harduln.

116 2145 139 2191 1.
151 2145 177 2190 ².
189 2145 214 2190 3.
225 2149 255 2190 et
266 2148 374 2191 receutt.
390 2143 416 2190 s's
427 2157 567 2206 querorque
585 2144 687 2206 corporis
704 2143 816 2193 Gronov.
832 2153 859 2192 et
876 2147 909 2194 ιιΙ.
923 2151 1035 2196 vett-t
1052 2146 1093 2196 Ad
1103 2162 1214 2206 saumas

114 2205 230 2254 duritiem
240 2204 298 2254 eod.
315 2206 453 2255 Dulce-8
469 2205 514 2256 Its
525 2206 600 2256 codd.
612 2205 740 2256 Hsrduiui
759 2213 787 2256 et
804 2206 886 2256 chiffl.
905 2223 962 2257 cum
975 2209 1034 2260 edd.
1047 2211 1176 2259 Harduiu.
1190 2215 1214 2262 1.

113 2273 138 2318 ².
151 2273 177 2318 8.
187 2276 214 2318 et
226 2276 336 2319 receott.
359 2271 429 2330 urigo
440 2269 500 2319 edd.
511 2277 614 2321 verast
631 2271 795 2321 Gronau-9
811 2269 820 2298 ‘
832 2271 874 2320 lta
887 2273 989 2336 quidem
1000 2273 1076 2322 codd.
1090 2275 1172 2336 Regg.
1184 2284 1213 2326 et

114 2333 207 2382 Editio
220 2335 349 2396 princeps.
383 2334 413 2384 ln
426 2335 619 2397 recentioribus,
636 2335 768 2384 lithasicos.
802 2335 871 2385 Quid
887 2337 940 2386 siut
960 2338 1058 2386 lituuioi
1070 2339 1213 2400 incomper-

113 2404 179 2448 tum.
212 2398 523 2467 Videturemsurlsrrdutu
543 2415 609 2461 esse,
629 2406 658 2448 ut
676 2399 762 2448 multis
780 2399 874 2463 placet,
891 2401 1012 2450 tetanicos.
1046 2402 1213 2460 aetrnum

111 2464 372 2527 sparadorsum,
383 2477 455 2528 sape
466 2471 591 2526 memorat
603 2463 709 2522 Plinius,
726 2470 755 2514 ut
767 2470 795 2513 et
805 2465 938 2516 tetanicos?
954 2465 1071 2516 Brotler.
1098 2465 1213 2518 amau

608 2611 715 2663 NOTAE

145 2715 159 2741 ¹
180 2707 276 2757 Veteres
294 2707 397 2770 dolores]
425 2708 460 2757 Et
478 2707 521 2757 hie
541 2722 643 2772 quoque
683 2709 732 2759 hoe
741 2715 792 2772 est,
804 2709 907 2771 pusulas
919 2707 1016 2759 facere.

109 2782 178 2833 ficos
188 2782 326 2832 admisceri
335 2782 389 2831 solt
399 2784 520 2832 Dioscor.
531 2785 582 2832 loc.
597 2785 642 2833 cit.
715 2793 728 2826 Ρ
752 2785 802 2834 Per
819 2783 935 2847 duplices]
961 2783 1056 2847 Supra,
1081 2782 1143 2832 ‘rel
1162 2796 1211 2846 par

111 2857 192 2920 urylr
202 2857 228 2906 tt
239 2855 329 2921 σύκοις,
340 2858 380 2907 sal
388 2857 492 2908 ἐπιτεθὲι
505 2857 561 2922 ύχρι
570 2857 643 2921 cotri-
683 2859 841 2922 duplicatum
855 2857 987 2921 pannum!

111 2941 178 3000 teos,
187 2934 284 3000 ἁρμόζει
291 2934 407 2997 lutoldus,
415 2937 531 2998 σπλῆνας,
539 2935 578 2984 sal
588 2939 643 2984 ssd·
714 2943 725 2977 i
746 2935 854 2984 Utamur
864 2935 906 2996 ud]
921 2935 1014 2983 Dioso.
1024 2934 1074 2983 loe.
1086 2933 1133 2983 cit.

112 3010 277 3062 δλουεῖιπῖιν
288 3010 384 3075 χρόνιον
401 3008 508 3072 dama·
541 3011 641 3060 Plinius
714 3007 905 3070 ‘Phthirissed
923 3010 955 3059 Q.
966 3008 1079 3056 Serenus
1095 3022 1118 3056 c.
1129 3011 1155 3055 8.
1175 3005 1210 3056 da

111 3100 218 3150 quoque
230 3086 311 3136 tacite
323 3085 399 3134 ficum
419 3085 590 3147 suthintelligit
600 3085 642 3135 hic
682 3083 818 3150 phthiriasi
836 3081 956 3145 arcenda,
977 3098 1002 3145 p.
1015 3085 1070 3132 lta
1087 3079 1210 3142 ‘Seuius

111 3162 299 3212 adhibendam:
312 3175 370 3212 curu
382 3162 497 3224 proxime
508 3169 642 3224 sequatur,
683 3176 744 3223 ergo
756 3160 833 3209 decet
845 3159 951 3208 mordax
963 3157 1065 3207 haurire
1078 3155 1182 3218 sinapi!

111 3238 120 3266 ‘
133 3238 173 3289 At
185 3238 212 3287 iu
224 3251 317 3300 magua
328 3234 560 3286 duritiasiueflco!
577 3235 642 3285 Mss.
713 3236 853 3284 ‘Litmss'oos
864 3232 1012 3296 [lalunicae]
1032 3233 1073 3281 lta
1086 3231 1144 3281 libri
1156 3245 1209 3280 oru-

69 3351 73 3360 ,
109 3327 204 3364 oues
216 3313 293 3375 paulo
306 3311 516 3376 postumianos,
530 3309 643 3373 utsditi,
681 3323 737 3358 uss.
749 3309 800 3358 Alii
809 3307 1105 3368 tetanicomgclichsrrss
1115 3306 1210 3354 malim.

108 3389 194 3451 stigo,
208 3387 340 3436 exiribent.
714 3386 722 3417 ⁸
738 3384 862 3444 irrumat
873 3381 973 3446 quoque]
995 3380 1164 3430 Dioscorides
1177 3393 1209 3431 rr.

143 3471 157 3496 ⁰
174 3463 219 3522 Ec
235 3464 285 3512 ulto
303 3462 378 3525 sitia]
403 3463 468 3512 Cum
488 3475 520 3512 ex
541 3461 594 3510 slto
616 3459 643 3509 iu
683 3463 739 3509 184.

108 3552 239 3590 summam
248 3537 334 3586 eutem
346 3551 454 3588 evocare
463 3537 580 3585 humores
590 3536 642 3584 aui·
716 3533 869 3596 ”Sucassous
880 3531 956 3580 trihus
965 3527 1054 3592 modis]
1072 3530 1208 3592 usemtne,

108 3629 171 3663 mus
190 3619 241 3671 est,
263 3612 390 3661 translato
412 3611 513 3660 scilieet
531 3610 558 3658 iu
577 3607 643 3659 sxti·
683 3607 780 3668 radice,
796 3607 932 3656 carrliculo.
965 3606 1007 3654 De
1020 3618 1096 3652 succo
1111 3605 1208 3670 eo‚qtrl

104 3702 181 3740 sustu
193 3693 295 3752 purtem
306 3687 395 3737 morbo
406 3687 514 3735 interius
524 3687 623 3736 latente
634 3701 641 3734 ι
681 3683 758 3734 debet
766 3683 791 3731 iu
800 3681 892 3731 fictilia
900 3677 1108 3740 Soieealesosre,
1118 3678 1207 3728 Diosc.

106 3765 173 3815 hev
188 3761 337 3824 μπᾶηειντι
352 3762 379 3810 ds
396 3761 439 3810 τοῦ
454 3759 541 3818 βάθους
556 3760 643 3819 ιῖιτὴιι
681 3760 732 3808 loc.
744 3759 789 3807 eit.

104 3837 253 3906 ἐπιφάνειαν
265 3836 406 3898 βουλόμθιι,
424 3840 460 3899 τᾷ
472 3840 515 3894 τῆς
532 3837 642 3899 drsposs·
712 3842 724 3867 '
740 3833 834 3882 Exitet
845 3827 991 3890 scrutato]
1009 3826 1109 3876 Plinius
1119 3829 1208 3878 Vsler.

105 3915 176 3966 astas
187 3913 261 3976 λόγῳ.
279 3915 366 3964 Dicae·
374 3926 404 3962 rr.
415 3917 470 3962 lat.
488 3913 643 3962 Hauecurs·
681 3909 714 3958 sd
727 3908 840 3964 verbum,
851 3921 888 3956 ιν.
900 3909 941 3955 28.
957 3905 1021 3953 ‘Est
1033 3911 1061 3953 et
1072 3903 1138 3952 alius
1149 3918 1208 3954 sue·

106 3994 212 4043 tionem
233 3989 332 4038 Medici
348 3989 512 4052 sinapismuru
531 3995 641 4037 socaatz
681 3999 727 4034 cus
738 3986 781 4047 qui
797 3983 869 4031 osnle
880 3979 1026 4042 colligitur:
1045 3977 1153 4028 triacum
1164 3995 1209 4029 ex.

105 4069 187 4132 eujus
200 4064 238 4114 sis
253 4065 399 4127 hujusmodi
410 4071 461 4126 ast,
472 4071 511 4128 ut,
520 4062 641 4128 quemsd·
681 4073 786 4124 pressus
805 4056 1014 4115 recutitorum
1026 4051 1088 4100 facit
1098 4061 1208 4118 guttam,

107 4142 218 4193 modum
230 4140 327 4190 Caeiius
340 4140 429 4189 horel.
440 4139 562 4204 loquitur,
573 4150 606 4186 ιι.
617 4142 641 4186 1.
681 4136 771 4184 utilem
782 4131 914 4194 dentibus,
926 4129 947 4182 si
963 4129 989 4178 iu
1009 4127 1097 4178 dolore
1115 4129 1208 4182 illicis-

106 4223 114 4248 ‘
127 4226 234 4284 corpus
242 4217 329 4266 sslest
340 4215 465 4280 pupulsrc
476 4211 642 4274 lacessendo,’
682 4207 741 4259 tur)

175 4298 302 4362 neuter
311 4295 370 4348 Vas.
383 4297 447 4346 clas.
604 4291 707 4342 Pltsiss.
1084 4289 1100 4334 ⁹
1117 4287 1142 4340 Q
