2966 4850
215 361 302 430 2824
581 379 611 426 o.
634 377 757 426 rurum
783 377 946 426 saouunr

216 521 387 586 desinente
417 519 504 584 alius
536 521 672 605 incipit:
702 541 764 586 uec
793 525 865 586 tota
890 539 1001 602 seges,
1022 519 1113 584 sicut
1140 517 1305 592 frumenti,

216 621 351 703 pariter.
395 619 623 703 Siliquauturq
646 640 726 686 vero
747 623 858 685 omnia
884 621 1026 685 dirersis
1049 619 1181 697 diebus,
1203 626 1238 684 et
1260 618 1305 682 ab

216 721 284 786 ima
304 723 441 804 primum
457 731 565 804 parte,
587 723 749 806 paulatim
763 723 845 786 tiore
861 723 1033 785 subeunte.

259 821 450 910 Frumeuta,
473 829 566 885 cum'
587 822 781 900 defloruere,
792 831 1015 896 crassescunt,
1029 826 1305 902 maturanturque

216 939 292 984 cum
306 921 483 1002 plurimum
495 921 615 986 diebus
631 921 900 1004 quadmginra:³¹
924 923 1004 986 item
1015 922 1116 986 taba:
1140 921 1305 1003 paucissi-

215 1022 280 1084 mis
296 1023 394 1087 cicer.
425 1021 466 1085 ld
481 1023 589 1086 euim·
610 1043 631 1086 a
646 1031 791 1087 manente
805 1020 925 1086 diebus
941 1039 1005 1088 xi..
1027 1021 1210 1105 perlinitur.
1238 1019 1305 1084 ldi-

214 1119 318 1199 llum:
338 1131 372 1186 et
385 1124 555 1204 panicum,
567 1131 603 1187 et
616 1141 761 1199 sesama,
776 1129 811 1186 et
825 1123 934 1186 omuia
948 1122 1079 1196 aestiva,
1104 1136 1168 1185 xe.
1184 1119 1305 1186 diebus

214 1228 415 1287 maturantur
428 1243 450 1286 a
462 1222 556 1298 floro,
578 1230 732 1304 ιιιιιιζιιιιῐ4
753 1230 849 1287 terrae
866 1223 1009 1306 coelique
1024 1221 1219 1286 differentia.
1264 1221 1305 1284 ln

214 1321 362 1405 AEgypto
375 1323 461 1388 enim
479 1324 636 1388 hordeum
659 1329 755 1388 sexto
772 1343 792 1387 a
807 1329 880 1386 satu
903 1342 1025 1399 mense,
1048 1321 1211 1386 frumenta
1225 1342 1304 1406 sep·

216 1423 298 1486 timo
315 1427 485 1488 metuntur.
529 1423 570 1486 ln
586 1423 745 1500 Hellade,
768 1423 983 1486 hordeum.³⁵'¹
1007 1421 1048 1486 Iu
1064 1421 1303 1504 Peloponneso

215 1529 347 1599 octavo,
369 1531 403 1588 et
427 1525 592 1590 frumenta
612 1525 790 1590 etiamnum
813 1523 948 1588 tardius.
991 1523 1105 1590 Graue
1127 1524 1161 1588 iu
1176 1524 1304 1606 stipula

214 1624 335 1688 orinito
350 1630 441 1688 textu
463 1626 644 1708 opinantur.
689 1624 729 1688 ln
750 1625 828 1693 faba
851 1624 1146 1706 leguminibusque,
1169 1623 1304 1688 alteruis

215 1723 381 1788 lateribus
410 1724 636 1807 siliquantur-⁸
688 1725 865 1790 Fortiora'
897 1733 1011 1790 onntm
1034 1723 1171 1806 hyemes
1180 1721 1207 1772 ⁸⁶
1235 1723 1303 1788 fru-

213 1831 333 1902 menta,
353 1824 520 1908 legumina
532 1826 662 1890 incibo.

256 1924 397 1990 Tunicae
413 1925 574 1990 frumento
588 1926 707 2008 plures.
751 1923 927 1990 Hordeum
951 1926 1096 1990 maxime
1109 1923 1248 2002 nudum,
1268 1931 1303 1988 et

215 2026 395 2103 arinca,³⁷'
409 2026 471 2090 sod
486 2026 655 2110 praecipue
678 2043 793 2092 avena.
836 2024 996 2090 Calamus
1018 2025 1114 2088 altior
1127 2024 1302 2101 frumento,

245 2223 347 2274 'Grata
357 2225 383 2274 ia
392 2223 488 2286 utputa
497 2225 561 2287 spica
572 2225 722 2274 amimae
731 2237 784 2286 psa
793 2221 913 2272 aadtititer
923 2221 1159 2284 ammafinius·
1169 2223 1193 2272 ia
1204 2222 1302 2271 minen.
1401 2247 1407 2258 ·

211 2287 311 2349 lasela
321 2294 344 2340 et
355 2288 519 2351 kmiaitm,
529 2292 596 2340 mado
605 2291 691 2340 deutra
702 2289 786 2348 him,
795 2287 861 2336 nodo
870 2288 935 2349 tau,
951 2287 1036 2352 siliqua
1046 2287 1136 2336 reniae
1146 2287 1303 2336 sentiantur.

662 2426 845 2450 eotoemnee

213 2526 352 2578 Granum
370 2527 498 2589 'ilreoplta
514 2533 539 2578 et
559 2526 636 2590 aratia
655 2529 805 2576 mea-ss
824 2523 888 2573 eod.
901 2524 994 2574 Dalec.
1006 2524 1164 2586 qudraginta
1178 2521 1303 2588 perpician-

212 2595 327 2642 raa-ae
344 2591 407 2640 Cod-
419 2591 509 2640 Dulce.
522 2608 538 2641 a
546 2591 619 2655 fiere.
645 2591 809 2652 Mrem-td
827 2589 858 2640 la
872 2589 971 2638 Hellade
985 2587 1046 2640 Vll.
1058 2589 1167 2636 soram
1185 2585 1303 2637 curat.-

212 2657 245 2702 ad
262 2654 318 2703 ‘lta
329 2653 394 2703 bene
405 2655 463 2704 eod.
476 2655 538 2717 [teg.
549 2659 573 2704 2.
583 2663 610 2703 et
622 2655 710 2703 Editio
721 2650 859 2716 princeps!
876 2653 982 2701 Brotier.
1009 2652 1051 2700 Ita
1062 2667 1163 2716 qrroque
1175 2650 1258 2701 cuim.
1270 2657 1303 2701 ad

212 2718 303 2782 tyram
319 2718 432 2770 Gronov.
449 2720 483 2768 al.
495 2728 559 2768 vett.
576 2719 705 2769 Harduio.
721 2727 748 2768 et
765 2721 939 2768 recente-tl
957 2718 1032 2766 ‘Vet.
1045 2717 1122 2796 alian
1139 2717 1165 2765 id
1180 2725 1229 2777 est,
1240 2729 1301 2766 aea:

700 2859 806 2912 NOTAE
844 2855 851 2872 '

244 2981 256 3018 ι
288 2971 449 3036 δι’ἱίςιιιιιιιι]
481 2973 601 3040 ¹Siliquae
629 2972 737 3024 iaciunt.
777 2970 968 3037 grandescunt)

210 3049 341 3112 insopor.
353 3051 402 3099 loe.
413 3051 457 3101 cit.
484 3049 576 3112 Neque
587 3057 615 3098 ut
626 3048 738 3098 frumen·
809 3057 818 3081 ¹
834 3048 864 3098 ld
874 3049 949 3113 miae]
965 3047 1153 3112 Theophane.
1165 3050 1212 3100 cit.

211 3125 241 3182 ti,
253 3127 291 3176 uic
307 3135 333 3173 et
353 3123 471 3176 fabarum
490 3125 562 3188 scapi
578 3126 670 3189 sinuli
693 3131 737 3176 ant
809 3125 940 3189 truitae]
955 3123 1083 3188 'l'lreopira
1093 3126 1143 3174 lor.
1154 3125 1200 3174 eit.

108 3229 113 3236 -
211 3215 287 3263 seges
298 3202 399 3265 integra
414 3203 488 3254 simul
499 3199 582 3263 duret,
597 3201 641 3251 sed
659 3201 737 3264 parti·
809 3201 878 3249 'la
898 3201 1008 3260 Hellade,
1026 3197 1148 3262 hordearia]
1177 3199 1234 3248 Hoc
1248 3207 1302 3262 eat,

179 3306 181 3310 ·
211 3276 323 3330 culatim.
777 3275 1302 3338 septimomemeuretitur.Tbeoplrr.na·

240 3351 479 3416 firmamenta]
505 3352 736 3415 Haoa'l'lreoptrr.
773 3351 810 3415 pol
828 3351 854 3401 ti
871 3350 1048 3420 lrep'lttddpp·
1065 3350 1117 3416 περὶ
1132 3350 1302 3416 τὴνἙλλάδα,

213 3424 280 3476 iiiut.
295 3440 358 3476 ιιιι.
370 3430 393 3476 t.
411 3427 511 3476 Colum.
529 3440 560 3476 u.
572 3431 612 3478 lt.
625 3441 681 3492 pag.
692 3431 734 3478 dt.
773 3427 855 3492 κριθαί.

208 3501 734 3568 “οιιιιιιιιιιιιιιιἰιιιιιοιιιιιιιι,ιι1ιοιᾶιιιιιι,
762 3538 766 3548 .
805 3505 958 3568 'Fortioral
977 3505 1105 3569 l'aeopltr.
1125 3507 1174 3556 loe.
1193 3507 1299 3556 ciava-

179 3568 192 3582 '
209 3578 330 3640 quicquid
343 3577 454 3642 denique
464 3595 516 3632 nen
528 3580 626 3644 duplici
636 3581 733 3631 neruine
774 3580 876 3642 lidiora,
888 3582 977 3645 iuquit,
986 3579 1127 3644 irruptam
1136 3591 1226 3631 contra
1237 3583 1300 3646 irps·

209 3661 258 3708 est,
269 3653 393 3714 spicoma
411 3655 490 3705 tertio
506 3655 538 3704 ad
557 3661 676 3720 quartum
689 3671 732 3706 uo·
773 3671 849 3712 mear.
861 3656 970 3720 caelique
980 3657 1136 3706 murationes
1146 3656 1300 3716 rarias‚i'rtt·

209 3727 269 3778 dum
289 3729 403 3779 emittit:
429 3737 456 3778 et
475 3744 533 3780 auru
551 3731 733 3794 totamedidir,
773 3731 1130 3795 mentaeeaaunt,rtarrrpd.
1158 3734 1300 3796 humina

207 3815 269 3856 octo
289 3804 381 3853 diebus
406 3802 562 3867 deflorescit,
582 3821 612 3855 ac
639 3806 733 3858 deinde
775 3805 1300 3872 aerolacibiavalentioraputautur,spis

209 3879 358 3944 grandescit
375 3879 465 3928 diebus
483 3880 663 3942 quadraginta,
678 3882 733 3945 qui·
773 3879 799 3930 tl
809 3879 853 3939 riv
863 3880 960 3942 τροφὴν,
970 3881 1001 3930 rt
1010 3881 1123 3945 χιδροιά.
1157 3884 1224 3934 Vide
1239 3887 1298 3938 eer-

209 3957 256 4005 bur
268 3967 325 4017 post
342 3951 431 4004 dorem
449 3954 480 4002 ad
498 3957 672 4006 maturitatem
689 3960 733 4006 de·
772 3971 827 4006 aum
839 3970 869 4008 ιι.
887 3959 927 4008 18.
950 3957 1005 4006 ‘Ea
1024 3958 1194 4020 leguminibus
1212 3961 1298 4010 raten-

208 4031 287 4080 reuit.
321 4030 417 4078 Rursus
439 4044 495 4093 qua
516 4030 614 4093 duplici
635 4033 733 4084 semiue
774 4033 825 4084 tior
843 4047 914 4096 rapa,
930 4033 1089 4096 napique‚et
1106 4049 1195 4084 omnes
1207 4035 1298 4096 bunt:

208 4113 276 4160 aunt,
295 4112 324 4154 ut
340 4104 410 4166 teus,
430 4105 520 4168 pisum,
536 4106 667 4166 lenticula,
679 4105 733 4156 die·
772 4111 821 4160 dre.
841 4109 936 4158 Locum
948 4107 1059 4158 contule.

209 4181 257 4232 bue
281 4179 450 4246 quadraginta
475 4177 577 4238 florent,
606 4181 732 4246 simulque
804 4189 820 4222 ¹
837 4183 1264 4248 Etariaaa1Dioeturdaeta02ti.
