3094 4862
462 410 550 462 nar.
574 411 671 462 urar.
697 397 955 464 ura.x1x.33.
1165 391 1254 463 8025

163 556 412 621 Amiternina.¹⁰
455 551 594 637 Optima
620 558 739 632 auum,
765 573 842 638 quae
871 552 1120 623 rotundissima.
1164 559 1253 625 ltern

162 660 239 722 ruta
253 659 373 735 aeder,
388 673 490 740 quum
505 655 671 720 candida:
694 656 797 732 sicca,
813 675 913 739 quarn
928 657 1063 723 viridis:
1085 663 1119 724 et
1138 661 1252 740 cruda,

163 778 261 842 quam
291 763 410 823 coum:
442 758 546 831 sicca,
574 776 675 840 quam
704 757 849 822 condita.
892 757 1017 823 Seritur
1045 759 1255 829 Amiternina

162 860 292 942 frigidis
306 865 341 924 at
354 859 501 924 humidis
515 859 614 936 locis,
629 867 665 922 et
680 860 753 923 sola
768 858 840 922 allii
862 859 963 923 modo
977 862 1099 944 capite,
1114 863 1253 947 reliquae

165 963 299 1026 semine.
343 961 505 1026 Proxima
527 979 605 1044 quae
629 969 747 1025 aestate
773 961 900 1025 nullum
925 980 1036 1025 samen
1065 965 1254 1043 emittunt,¹¹

164 1064 222 1130 sed
235 1070 338 1147 caput
354 1069 494 1141 tantum,
509 1063 598 1147 quod
613 1063 813 1129 inarescit.¹²
857 1062 1014 1145 Sequenti
1034 1069 1146 1129 autern
1167 1084 1255 1130 anuo

46 1161 52 1174 '
165 1173 354 1248 permutata
366 1167 494 1230 ratione
509 1185 622 1230 semen
639 1165 790 1247 gignitur,
812 1170 917 1246 caput
938 1163 1049 1246 ipsum
1073 1166 1255 1249 corrumpi-

166 1275 228 1332 tur.
271 1267 358 1350 Ergo
385 1268 542 1332 omnibus
565 1268 660 1331 anuis
686 1265 867 1348 separatim
894 1283 1008 1328 semen
1033 1285 1126 1348 cepae
1151 1285 1256 1332 causa

166 1369 296 1446 seritur,
313 1369 490 1451 separatim
510 1385 603 1450 cepae
623 1368 769 1430 seminis.
814 1366 993 1431 Servantur
1007 1375 1118 1432 autem
1133 1369 1257 1451 optime

165 1463 200 1533 ln
222 1467 340 1552 paleis.
383 1467 557 1552 Gethyum
579 1476 700 1551 paeue‘t
721 1467 794 1532 aine
815 1468 926 1550 capite
947 1473 999 1534 est
1020 1467 1162 1534 ceruicis
1184 1475 1257 1536 tan·

166 1575 236 1634 tum
250 1571 369 1652 longae‚
393 1576 427 1634 et
447 1571 526 1634 ideo
548 1575 650 1634 totum
666 1570 700 1632 in
714 1567 845 1632 fronde:
868 1569 1059 1652 saepiusque
1079 1578 1257 1649 resecatur,

166 1675 205 1734 ut
229 1691 373 1754 porrum.
417 1671 503 1735 Ideo
524 1676 558 1735 et
578 1671 660 1734 illud
680 1673 801 1745 serum,
824 1687 891 1732 non
914 1669 1095 1752 deponunt.
1138 1669 1258 1736 Getero

167 1781 291 1854 cepaa¹
313 1781 364 1838 ter
387 1772 481 1837 fosso
497 1773 569 1836 solo
585 1771 650 1835 seri
668 1771 800 1854 jubent,
815 1769 987 1852 extirpatis
1000 1769 1170 1835 radicibus
1183 1771 1255 1836 her-

167 1875 298 1951 barum,
313 1875 347 1937 in
363 1873 502 1958 jugera*
524 1871 629 1936 denas
642 1872 759 1936 libras.
804 1869 1048 1936 intermisceri⁸
1069 1875 1258 1951 satureiam,

168 1976 328 2058 quoniam
343 1976 463 2040 melius
476 1974 661 2058 proveniat.
706 1972 882 2038 Runcari³
904 1979 1074 2056 praeterea,
1088 1980 1121 2037 et
1136 1976 1258 2055 sarriri,

168 2077 198 2142 si
227 2095 293 2140 nun
319 2075 458 2158 saepius,
485 2082 617 2158 quater.
659 2071 900 2138 Ascalonium'
932 2092 1047 2137 mense
1077 2073 1259 2141 Februario

167 2183 279 2241 serunt
292 2178 409 2241 nostri.
454 2176 574 2240 Semen
597 2191 755 2256 ceparum
778 2173 962 2254 nigrescere
977 2173 1153 2256 incipieus,
1169 2183 1258 2241 ante-

169 2297 269 2362 quam
283 2281 537 2354 marcescat,¹³'
559 2279 697 2339 metunt.
1142 2266 1147 2278 '

213 2393 367 2442 xxxin.
390 2377 436 2442 Et
450 2377 492 2441 de
506 2382 627 2460 porro·
647 2374 680 2437 in
694 2373 757 2437 hac
772 2373 968 2455 cognatione
983 2374 1050 2438 dici
1073 2376 1259 2455 conveniat,

169 2480 351 2564 praesertim
364 2497 440 2542 cura
458 2476 587 2541 sectivo
601 2493 705 2556 nuper
720 2474 950 2538 auctoritatem
960 2475 1088 2541 dederit
1103 2478 1262 2560 princeps

170 2579 272 2656 Nero,
286 2579 380 2644 vocis
394 2575 524 2660 gratia,l
538 2595 581 2639 ax
593 2577 667 2639 oleo
683 2576 778 2638 statis
791 2577 955 2639 mensium
970 2579 1114 2642 omnium
1129 2578 1260 2655 diebus,

169 2680 317 2763 nihilque
342 2677 446 2755 aliud,
469 2695 510 2741 ac
534 2696 575 2739 nc
599 2693 686 2757 pane
700 2675 833 2756 quidem
847 2677 1022 2741 vescendo.
1065 2679 1191 2742 Seritur
1212 2698 1263 2743 se·

169 2781 258 2846 mine
279 2781 323 2844 ab
346 2777 551 2862 aequiuoctio
573 2783 751 2840 autumno:
774 2776 804 2838 ai
820 2777 986 2840 sectivum
999 2777 1131 2842 saccre⁰
1151 2779 1262 2857 libuit,

624 2969 811 2996 ΟΜΝΙΝΝΟ

173 3107 204 3155 io
219 3105 264 3155 ltu
281 3105 358 3156 codd.
378 3105 507 3156 llurdnlni
519 3111 547 3154 et
558 3103 642 3156 cntffl.
661 3115 718 3154 curn
737 3103 798 3153 edd.
819 3101 945 3153 llrrdniu.
964 3109 988 3153 l.
1004 3108 1030 3153 et
1044 3103 1151 3166 Bipout.
1170 3103 1264 3168 Africa,

175 3171 278 3230 Gallico,
302 3171 442 3229 raum,
461 3169 598 3232 Arnensis,
619 3169 771 3220 Amiternina
792 3167 919 3217 Hrrduin.
936 3173 997 3218 Μ.
1014 3168 1111 3218 Miller.
1128 3175 1156 3219 et
1172 3169 1264 3218 Franz.

174 3234 299 3296 African,
311 3236 344 3284 G.
358 3236 499 3294 Tusculano,
510 3235 661 3284 Amiternino
677 3233 791 3282 Gronov.
800 3239 828 3280 et
837 3234 869 3281 at.
882 3238 1009 3281 rein-ll
1027 3234 1144 3283 Proxima
1153 3247 1214 3298 que,
1223 3235 1265 3295 qr.

174 3299 263 3349 mittit
273 3301 430 3350 Deice-12
447 3297 531 3359 ldsnr,
542 3299 602 3360 qaod
611 3298 794 3348 lucrm-lt
812 3294 895 3346 chiffl.
905 3302 1054 3348 moremur.

666 3457 772 3508 NO'l'AE

211 3567 224 3600 a
251 3554 371 3619 aarum
393 3555 471 3619 parre]
504 3555 544 3605 Ex
570 3553 700 3618 Theophr.
770 3551 958 3614 'dardaniomJ
985 3553 1029 3602 Sic
1053 3549 1196 3601 Columella
1217 3548 1265 3598 loc.

177 3634 248 3684 Birt.
262 3647 313 3684 vn.
324 3637 350 3682 t.
738 3630 783 3680 cit.

210 3707 411 3770 'cumrepuss
428 3706 570 3757 Columella
583 3711 653 3756 xus.
773 3709 789 3736 a
815 3702 1099 3765 Semen....urrteqaum
1124 3697 1266 3760 marcescat]

209 3793 219 3818 ¹
236 3786 268 3834 ln
278 3784 378 3847 iugera]
402 3783 489 3832 Denrr
508 3781 611 3830 reminis
628 3795 702 3844 ceps·
742 3778 902 3830 colomellar
921 3778 983 3826 'Sed
997 3791 1045 3826 nec
1057 3775 1205 3840 pariendum
1218 3779 1269 3835 rat,

178 3873 236 3910 rura
247 3859 326 3909 librar
343 3859 370 3907 iu
386 3857 487 3921 ringula
496 3855 592 3920 jugeru
603 3856 653 3904 seri
662 3855 704 3918 ju·
740 3861 771 3904 ut
783 3853 950 3916 perareacat,'
959 3856 1008 3903 &a

179 3937 234 3988 bet.
774 3935 787 3962 ⁸
804 3928 967 3990 Etdepcrro]
983 3927 1073 3990 Gallis,
1085 3927 1200 3976 Poireau.

211 4009 408 4073 tinemut]
423 4009 523 4060 Colum.
543 4009 592 4058 loe.
614 4007 658 4058 cit.
677 4011 706 4056 et
774 4001 786 4036 l
806 4002 876 4051 Vocis
885 4003 978 4064 putta]
995 4004 1043 4051 Cui
1055 4000 1219 4065 splendorem
1231 3995 1269 4046 af·

180 4089 282 4142 Pailud.
299 4087 344 4138 lib.
362 4099 407 4136 nr.
421 4087 446 4135 in
462 4087 539 4135 Febr.
558 4085 601 4134 tit.
619 4087 659 4131 at.
679 4097 706 4146 p.
744 4075 846 4139 ierunt
858 4075 959 4123 dicetur
971 4088 1018 4124 xx.
1029 4079 1070 4126 nl.

180 4169 213 4215 ss
777 4161 788 4187 ⁰
805 4153 835 4201 st
849 4152 960 4202 restim
972 4151 1065 4214 faeere]
1084 4150 1184 4200 Colum.
1197 4161 1234 4196 xr.
1245 4151 1270 4196 8.

213 4199 225 4272 l
242 4235 364 4299 namq
380 4236 478 4286 Coluur.
489 4235 537 4285 lac.
547 4235 594 4285 cit.
745 4229 878 4280 ‘Porruur
899 4228 921 4278 ai
943 4227 1067 4278 uetiruur
1088 4225 1176 4277 fucere
1197 4224 1271 4277 reiis.

246 4317 370 4381 Detpturt
383 4316 517 4366 Vmctar.
690 4311 792 4360 Plinius.
1040 4335 1042 4343 ·
1154 4305 1208 4355 sil
