2964 4872
319 405 350 454 a.
373 404 517 453 rnrrurr
540 397 664 452 srarrr
684 369 841 451 'aonium
865 405 937 452 arn.
961 403 1000 451 rr.
1117 385 1207 454 2045

113 547 156 592 eat
170 548 250 604 tarra,
260 557 317 605 qnae
328 543 428 606 pendet
442 543 470 592 iu
480 544 549 594 aiire.
582 543 641 594 Sus·
678 559 760 606 raum,
771 546 839 611 quod
856 547 998 611 in'tempio
1008 547 1103 596 Mariis
1123 559 1205 596 assera

114 617 310 666 tineturautam
323 620 388 668 rotis
407 620 468 682 quia
483 619 641 669 arundusro⁴
678 620 796 674 sabatur.
821 621 972 671 abstulisset
997 620 1122 672 beneficio
1145 621 1206 669 Ma-

115 701 186 743 tatnr
201 701 229 744 ot
241 694 358 744 roiritor.
391 695 425 744 Et
437 695 460 743 ei
472 696 641 758 rubjugautur
677 693 742 755 dere,
759 709 818 758 quae
832 697 960 758 templum
982 697 1095 760 iugraasa
1113 695 1206 744 draeo-¹

112 768 212 830 leonas,
229 775 258 817 ot
273 769 427 818 ostendatur
437 777 576 818 maternam
586 770 640 831 pio·
676 781 733 816 oeru
744 769 947 831 peliisrortodisa
955 771 1130 832 incubantem,
1138 783 1203 819 seru·

113 849 196 894 tatem
216 851 300 892 totum
314 857 393 907 possa
409 857 541 907 superare.
575 843 641 892 ideo
677 857 785 906 parque,
804 850 834 892 ut
855 843 943 895 t'aruut
965 844 1071 908 fabulas,
1090 845 1203 907 vigilam,

115 918 276 982 Corybantes
287 920 342 982 ejus
350 918 461 968 miniani
472 933 530 968 oum
542 917 642 967 strictis
677 931 776 967 repono
787 919 907 982 peremit,
913 921 1033 969 Medeam
1044 935 1129 970 aarum
1138 919 1208 969 dax-¹

113 994 206 1056 gladiis
217 1008 272 1042 ease
283 992 426 1056 finguntur,
440 1000 470 1044 ot
480 993 641 1057 significetur
677 991 715 1051 it;
733 998 832 1056 patrem
843 1001 929 1043 autern
945 995 1046 1045 AEetam
1058 995 1164 1058 cognita
1173 1007 1205 1042 ro

76 1117 78 1120 .
114 1083 202 1119 omnes
214 1082 261 1133 pro
275 1076 400 1119 terrama
411 1068 507 1118 debere
518 1081 640 1132 pugnare.
677 1066 782 1118 tradunt
800 1068 963 1131 Argonautas
980 1071 1134 1134 insecutum,
1149 1071 1205 1134 pio·

115 1144 192 1198 Quod
217 1151 303 1194 autem
324 1145 441 1194 turritam
463 1151 549 1207 gestat
568 1157 639 1192 coro·
677 1155 717 1190 rea
728 1143 806 1205 juxta
821 1145 894 1194 littus
909 1146 1074 1209 comperisse,
1092 1153 1120 1196 at
1134 1159 1204 1196 com·

114 1233 183 1280 nam,
193 1219 305 1270 ostendit
313 1219 576 1283 superporitaaterrre
583 1231 639 1267 esse
676 1217 753 1266 mirm
764 1231 851 1282 pogna
861 1219 975 1282 Iphitum
986 1235 1064 1272 uuum
1075 1233 1108 1270 ea
1119 1220 1205 1285 Argo.

15 1324 19 1334 ·
114 1295 307 1358 uiritates,quae
317 1295 428 1343 turribua
436 1293 640 1357 insiguitroaunt.
676 1294 761 1342 nautis
773 1296 894 1360 Euryatei
904 1295 984 1345 fliium
1000 1297 1133 1356 occidisse,
1143 1309 1206 1364 poa-¹

113 1369 218 1418 Servius
229 1369 257 1418 iu
268 1371 411 1434 Virgilium.
429 1370 503 1418 idem·
678 1377 759 1418 tremo
771 1373 880 1420 adaucta
890 1372 1012 1435 utrinque
1021 1371 1092 1421 eredo
1104 1373 1205 1422 AEetam

145 1449 192 1493 881
210 1446 270 1495 Iade
279 1448 334 1495 doto
349 1445 447 1509 marim]
463 1445 535 1494 Ordo
546 1453 597 1505 eat,
611 1451 640 1494 et
677 1459 761 1508 regem
771 1460 788 1493 a
798 1446 934 1509 Meleagro
946 1448 1126 1511 interemptum
1138 1461 1203 1498 aare.

114 1533 219 1569 sensus:
246 1521 299 1570 iios
316 1522 386 1581 iudo,
397 1521 428 1570 id
445 1527 496 1582 est,
516 1534 549 1569 aa
566 1527 639 1574 tauta
678 1521 784 1582 Prolem]
801 1521 930 1581 Medeam,
942 1521 1051 1586 quamsi
1062 1529 1089 1570 et
1101 1521 1203 1570 cirtem

113 1595 205 1658 injuria
222 1594 334 1660 nudique
351 1596 439 1656 exciti,
458 1595 483 1645 id
501 1603 550 1652 eat,
565 1595 639 1646 raldo
676 1602 704 1644 et
715 1595 862 1659 Calepoprn
880 1607 907 1645 et
923 1596 1064 1660 Absyrtum
1080 1597 1135 1645 aiva
1151 1597 1204 1646 aiio

115 1671 564 1732 mmmoti‚eoimusu1roraa.1deaa
675 1671 777 1719 nornine
808 1669 935 1734 AEpiieunr
967 1671 1071 1736 peperit
1100 1669 1202 1720 Hecate

144 1750 194 1795 858
213 1747 377 1810 Qaa'rqaesibi]
392 1747 639 1814 Namnunaquisquo
676 1757 747 1794 onor.
764 1745 838 1794 Idem.

114 1835 159 1870 aua
185 1821 314 1872 interesse
340 1824 524 1885 arbitrabatur,
549 1824 639 1874 ulcisci
707 1823 755 1868 868
772 1819 925 1884 Semivir-arr]
942 1822 993 1873 Qui
1012 1821 1205 1885 nunquamoisi

114 1903 215 1946 uotum
232 1901 325 1949 scelus.
360 1899 465 1962 Coirrraa]
492 1901 639 1964 Congrega.
675 1893 893 1944 formaamuiiebri
912 1895 1028 1945 laudatur
1044 1902 1100 1944 est:
1117 1903 1145 1944 ot
1163 1909 1205 1944 ar-

114 1986 170 2021 mur
180 1979 209 2022 ot
219 1973 405 2037 conjungimur.
426 1975 500 2024 Idem.
677 1970 733 2031 goii
749 1983 764 2016 8
780 1969 879 2033 majori,
890 1970 917 2018 'si
935 1971 974 2019 ilii
991 1969 1092 2019 barbari
1111 1971 1161 2019 Dei
1176 1977 1206 2020 ed

144 2051 194 2097 888
213 2049 275 2104 Qaa'r
284 2048 357 2111 raim]
374 2049 498 2100 Probatio
510 2057 639 2116 estquara
676 2045 817 2094 semideum
836 2047 954 2108 rapinam
975 2047 1036 2110 poni
1060 2061 1109 2095 uon
1132 2045 1205 2096 rolu-

115 2127 287 2188 ouosqnisqno
305 2124 399 2175 debeat
415 2127 448 2175 ad
465 2134 564 2175 tantum
577 2125 640 2175 saei·
676 2127 764 2184 amnt,
789 2136 836 2170 nos
862 2121 951 2172 Gruoi
977 2122 1105 2185 patiemur
1132 2122 1202 2185 rapi·

114 2199 353 2250 naariudicandum
366 2213 514 2265 properare.
532 2204 607 2251 Idem,
676 2208 735 2244 nam
747 2195 881 2258 cujusdam
893 2195 1021 2244 semiviri?
1040 2195 1176 2244 diuturnae.

144 2279 194 2326 856
211 2273 273 2324 Hac
288 2276 554 2338 ermfmeajmm
565 2291 639 2326 mm.
709 2275 757 2320 866
775 2271 873 2326 Quiusr·
884 2271 1055 2334 naucair'prria]
1073 2271 1204 2322 Astuteei

114 2349 162 2412 ret]
182 2349 264 2400 Quasi
283 2350 363 2410 dicat,
380 2349 456 2398 fortis
474 2349 577 2413 quidam
596 2349 640 2398 iiio
678 2345 798 2408 proponit
810 2353 912 2409 raptum
925 2347 1011 2395 uxoria
1028 2359 1091 2394 suae.
1125 2347 1204 2410 Quid,
1233 2390 1239 2406 ,

114 2437 166 2473 non
187 2431 228 2474 eat
248 2427 400 2486 censendus,
422 2424 528 2489 quitali
548 2424 641 2488 injuria
677 2420 769 2483 iuquit,
791 2435 891 2484 ageres,
916 2421 938 2468 si
959 2419 1016 2483 quia
1041 2417 1203 2470 Daidauriam

27 2501 31 2510 '
115 2515 166 2550 raon
176 2509 317 2551 moveatur.
341 2504 416 2552 ldera.
678 2494 724 2544 tibi
736 2496 836 2559 rapisti
853 2497 926 2560 quasi
941 2496 1022 2557 diost,
1037 2496 1152 2559 nunquid
1165 2495 1204 2543 sa·

145 2580 193 2626 857
212 2577 269 2624 Noa
286 2577 355 2641 tulit]
372 2577 414 2626 Ab
432 2577 556 2641 exemplis
568 2577 640 2627 nobi.
677 2569 784 2619 rendum
800 2579 840 2620 ost
857 2578 953 2620 tautam
970 2571 1089 2633 injuriam
1104 2569 1203 2620 iliatam

114 2651 176 2699 lium
195 2665 283 2713 ragom
301 2653 394 2700 suadet
413 2652 533 2702 Paridem
553 2667 639 2715 parse-
655 2701 658 2709 .
677 2661 733 2695 esra
751 2647 825 2710 regi?
850 2648 945 2711 Siuque
964 2647 1021 2708 ejus
1037 2647 1149 2694 animum
1165 2646 1205 2693 iu·

115 2729 242 2792 quendum
258 2743 322 2789 esre,
339 2743 395 2777 rum
406 2735 435 2778 et
445 2729 551 2792 Agenor
562 2730 639 2777 atlans
676 2721 764 2770 crudit
783 2721 815 2770 sd
836 2723 889 2770 taio
911 2721 995 2770 areius
1018 2719 1204 2769 ulciscendum.

114 2805 206 2856 doram
218 2806 328 2871 omniurn
340 2807 462 2865 Deorum,
473 2813 500 2855 ot
511 2805 639 2853 bominum
678 2796 792 2846 Βήίαππ-
1202 2821 1205 2829 ·

114 2889 252 2941 reatorem,
273 2888 424 2944 persecutos
441 2881 489 2941 sit3
505 2895 564 2929 nam
582 2894 640 2928 euru
708 2877 756 2922 878
775 2875 834 2929 Qum
861 2875 955 2937 solitura]
986 2873 1109 2937 subaudi,
1136 2873 1205 2935 ἐἰμ’

114 2955 222 3018 Jupiter
234 2953 363 3018 Europam
380 2955 507 3018 Agenoris
523 2955 602 3004 fiiiam
613 2955 640 3002 iu
677 2949 740 2999 ordo
761 2959 846 3000 autem
869 2961 924 3001 est:
942 2951 997 3000 Ede
1017 2953 1084 3000 ritus
1100 2960 1158 3000 tuor
1175 2957 1205 2998 et

113 3038 217 3079 taurum
237 3044 325 3079 vorsus
345 3039 511 3095 asportasset,
528 3031 640 3080 Cadmus
677 3027 773 3074 semina
793 3027 907 3088 inuduur,
924 3041 982 3090 quoe
999 3027 1093 3076 Cbirou
1114 3025 1205 3073 soiitna

111 3121 128 3156 a
152 3115 237 3170 patre,
256 3115 286 3156 ut
309 3121 389 3170 supra
412 3107 510 3156 dictum
532 3115 582 3167 est,
607 3121 641 3154 ex
677 3101 897 3164 aittibipaudare.
914 3100 1205 3161 Semiminadamss’riu-

111 3182 252 3232 Piaoenicia
279 3181 310 3230 ad
332 3183 537 3246 investigandam
559 3183 641 3231 Euro·
677 3173 1085 3240 cipiandiuudesassequeodns.
1104 3175 1178 3222 idem.

111 3273 175 3322 pam
192 3271 305 3308 aurorem
323 3258 415 3306 mirans
432 3265 482 3318 est,
499 3273 530 3307 ea
552 3258 640 3307 coodi-
708 3257 757 3302 877
771 3250 980 3314 Sitprrrirou]Si‚
992 3249 1085 3313 inquit,
1097 3249 1205 3297 baono«

109 3336 196 3396 tione,
218 3343 248 3383 ut
269 3342 314 3382 aut
338 3347 423 3383 reonm
446 3333 571 3397 virginem
594 3332 641 3381 do·
678 3327 718 3376 bia
728 3326 881 3387 narraveris,
891 3325 916 3373 id
926 3326 982 3374 ioco
992 3324 1090 3387 pra-mii
1102 3323 1204 3386 putabi·

109 3418 200 3470 earet,
216 3419 262 3458 aut
283 3410 308 3456 in
327 3408 484 3460 Phoeniciam
505 3422 555 3456 nou
572 3409 639 3458 redi·
677 3417 734 3454 mur
751 3414 798 3464 pro
816 3401 912 3458 labore,
928 3413 1004 3464 quem
1021 3399 1126 3448 tuiimoa
1143 3397 1204 3447 dom

109 3493 163 3544 rat,
175 3484 221 3549 qui
234 3499 290 3532 cum
310 3483 421 3546 pueliam
438 3495 488 3530 nou
504 3481 641 3540 insaniret,
677 3478 815 3542 quaerimus
825 3485 859 3524 to.
877 3477 953 3524 idern.

106 3563 135 3610 iu
149 3559 254 3608 Boeotia
273 3557 405 3607 aedificatis
420 3555 513 3604 Thebis
532 3555 641 3606 deradit.
709 3557 757 3603 878
775 3553 826 3601 Hir
834 3551 908 3600 oraria
916 3548 1156 3613 primamiataadiaaa
1170 3549 1204 3596 in·
1243 3553 1246 3562 ⁴

106 3636 189 3685 idern.
677 3629 763 3691 certor]
790 3629 880 3676 Malim
902 3628 957 3675 boa:
986 3627 1045 3675 dein
1067 3626 1136 3674 sorte
1154 3625 1205 3673 nori

141 3713 196 3758 860
210 3709 244 3757 Et
255 3707 363 3772 Sepiirim
374 3705 477 3770 ruptam]
491 3705 548 3755 Nou
557 3719 640 3770 aquo,
677 3703 931 3769 adsperuabiiequod
944 3703 969 3750 iu
982 3703 1033 3752 Ma.
1044 3702 1144 3765 primam
1153 3715 1204 3748 raa·

104 3785 207 3850 inquit,
229 3783 313 3831 animo
335 3785 410 3832 AEeta
436 3783 495 3831 tulit
521 3782 640 3830 Medeam
677 3785 734 3837 tissa
756 3783 864 3830 irrertoa.
895 3780 968 3828 soiet
989 3778 1082 3840 alioqui
1101 3777 1139 3824 uti
1156 3789 1204 3838 pro

103 3874 185 3910 suam
204 3857 295 3906 abduci
310 3858 342 3905 ab
358 3855 524 3920 Argonautis,
539 3855 584 3906 sed
597 3869 641 3905 eor
678 3855 823 3918 ‘induem’
834 3857 842 3884 ‘
855 3851 962 3918 rogero?
981 3851 1123 3900 Uriibmrr.
1135 3849 1205 3912 ‘oly-

104 3933 327 3986 atatimarmiset
341 3933 420 3982 elassa
437 3933 640 3981 insectatusaat:
679 3945 756 3995 peunr
782 3931 891 3980 vestiare
915 3925 1046 3993 juvenco!
1084 3927 1141 3977 Lib.
1166 3939 1206 3977 vr.

103 4025 171 4060 oum
196 4008 264 4057 euim
286 4007 364 4058 Jasou
388 4007 521 4056 russulas
541 4005 641 4055 AEsouir
678 4007 790 4056 ‘hausta
811 4007 921 4054 vertitur
941 4003 1037 4054 areoa.’
1075 4001 1132 4052 Lib.
1153 4015 1205 4055 arr.

102 4087 181 4136 iiiios
199 4085 259 4133 nari
279 4085 354 4145 ionga
371 4089 490 4132 extructa
505 4097 563 4132 oum
580 4095 642 4145 qoa-
679 4078 1053 4146 ‘thyrsoairaderissertiatiu'
1085 4078 1205 4129 Claudia·
1257 4101 1260 4110 ·

103 4173 172 4214 tuor
190 4169 220 4211 et
236 4161 424 4226 quinquaginta
439 4160 514 4209 sociis
534 4158 567 4208 ad
584 4155 642 4207 Coi·
679 4173 727 4208 uua
738 4169 771 4206 rr.
789 4157 814 4206 iu
833 4155 893 4206 Rus.
921 4155 993 4205 ‘Par
1005 4156 1112 4204 restitus
1124 4155 1204 4220 equis,

101 4241 174 4292 ciros
196 4238 367 4302 perreuiaaat,
381 4236 640 4302 indequaroiiruau·
680 4232 779 4284 farrata
804 4233 889 4284 fronte
912 4233 1047 4296 minantur,
1073 4233 1205 4282 Ferratus·
