2990 4860
267 423 354 489 2902
630 436 661 486 u.
684 435 805 486 rurnrr
822 434 985 486 sucurrnr

268 579 407 645 inomni
432 577 626 644 accessione
640 577 915 662 eorpuinoctinles,e
936 596 1004 641 non
1029 573 1270 663 cujuscumque
1291 576 1356 643 diei

269 681 514 764 significantur:
538 698 722 764 omnesque
758 699 808 745 aar
837 677 1031 744 differentiae
1060 677 1144 742 fiunt
1164 680 1199 742 iu
1227 679 1358 743 octavis

267 779 446 866 partibusd
468 781 644 864 signorum.
688 781 814 844 Bruma
834 779 1042 864 Capricorni,
1062 799 1092 844 a.
1109 779 1142 843 d.
1158 787 1256 844 vnn·
1286 779 1358 844 Ku-

268 884 406 948 londas⁴
426 882 580 948 Januarii
594 883 682 946 fere:
705 883 942 966 aequinoctium
954 899 1099 960 vernum,
1122 878 1266 944 Arietis:
1293 880 1360 944 sol-

269 986 406 1063 stitium,
428 984 565 1049 Cancri:
589 983 792 1064 alterumque
813 983 1066 1066 aequinoctium,
1090 981 1222 1046 Librae:
1246 983 1302 1063 qui
1326 986 1359 1045 et

269 1087 337 1169 ipsi
351 1086 422 1151 dies
433 1104 508 1150 raro
521 1104 588 1149 non
604 1084 736 1165 aliquos
751 1090 987 1166 tempestatum
1003 1081 1211 1165 significatus
1223 1083 1357 1146 habent.

313 1186 444 1250 Rursus
458 1186 493 1250 hi
509 1180 680 1250 cardinas'
700 1183 840 1266 singulis
856 1185 1034 1250 etiamnum
1055 1183 1205 1249 articulis
1232 1191 1359 1266 tompo-

271 1307 345 1352 rum
360 1287 563 1362 dividuntur,
579 1305 636 1369 per
650 1285 762 1350 medin
775 1305 891 1351 omnes
905 1286 1032 1350 dierum
1050 1286 1172 1369 spatia.
1189 1283 1359 1363 Quoniam

269 1388 357 1454 iuter
367 1387 549 1453 solstitium
562 1394 599 1451 et
613 1389 850 1470 aequinoctium
860 1387 1020 1464 autumni,
1036 1387 1200 1452 Fidiculaa
1216 1405 1360 1451 occasus

274 1495 467 1554 autumnum
490 1488 625 1552 inchoat
645 1488 700 1552 ‹iie
716 1495 865 1554 xnv1.⁵⁸
908 1485 955 1554 At
968 1488 1011 1552 ab
1027 1489 1232 1572 aequinoctio
1253 1507 1294 1552 eo
1317 1487 1360 1552 nd

271 1589 434 1670 brumam,
463 1588 683 1672 Vergiliarum
723 1591 908 1656 matutinus
939 1608 1081 1654 occasus
1121 1590 1272 1672 hyemem
1307 1589 1360 1653 die

726 1767 906 1791 ommno

273 1905 322 1951 -t
339 1899 381 1950 its
393 1897 521 1950 Hsrdnin.
531 1902 554 1948 1.
563 1903 589 1950 t.
601 1902 626 1950 8.
637 1903 664 1948 et
675 1903 787 1948 recenti.
806 1898 914 1949 XVIII.
926 1901 985 1950 Καὶ.
996 1899 1088 1951 Dslec.
1112 1903 1145 1950 ssi
1159 1901 1235 1952 Vtri.
1248 1903 1365 1952 Colesdss

273 1965 391 2016 Gronov.
415 1970 442 2014 et
468 1964 600 2029 sulm-ti
627 1964 711 2013 XLV·
737 1963 805 2013 und.
827 1971 888 2013 snte
909 1965 1037 2014 Hsrtlnin.
1076 1966 1149 2027 Mox,
1176 1967 1307 2030 ‘tyensis
1326 1967 1365 2016 dis

761 2127 874 2180 NOTAE

305 2232 318 2259 θ
339 2225 533 2288 Equisoctislrs]
559 2225 649 2276 Grati
671 2224 803 2289 lorrusprrts
838 2227 1366 2294 elsirstio,qnedoustsolstitisetsrqni·

275 2308 379 2358 secent,
393 2301 468 2349 liores
487 2303 555 2351 inter
574 2316 602 2350 se
621 2302 743 2364 esqusles,
757 2315 801 2350 eu·
839 2301 987 2352 noetianos
998 2304 1160 2366 octsris,sed
1178 2305 1269 2367 primis
1288 2307 1366 2368 perti-

271 2376 384 2442 jusmodi
398 2383 459 2425 sunt
475 2375 649 2440 aeqrriuoetisti
666 2376 726 2424 die:
744 2389 801 2425 cusu
838 2376 887 2426 bus
898 2377 1027 2439 signorum
1037 2377 1138 2429 contisi.
1170 2379 1366 2430 Varnminlrsc

275 2453 338 2502 liora
349 2451 473 2516 quelibet
484 2451 575 2500 diurne
583 2449 690 2499 cuilibet
702 2457 802 2499 noctur·
839 2451 906 2500 ruris
917 2452 1062 2514 disciplins,
1071 2467 1164 2517 sequor
1173 2468 1241 2504 nuuc
1255 2455 1367 2519 Endosi,

275 2539 316 2575 nn
328 2539 409 2590 perse
417 2525 579 2589 estoquslis.
596 2524 663 2574 Alin
674 2533 803 2589 pretores
840 2537 867 2577 et
878 2528 1001 2591 Metonis,
1008 2531 1221 2594 sutiqnurnnrque
1229 2529 1310 2582 l'sstos
1319 2531 1367 2581 Αι-

277 2609 338 2651 snnt
348 2600 490 2665 Inraqusles
501 2601 804 2664 dtetae.st'1'emporsles‚
841 2605 1008 2665 trologorunr,
1026 2605 1070 2670 qui
1082 2613 1141 2654 snut
1152 2607 1236 2669 sptsti
1257 2607 1368 2670 publicis

278 2693 386 2744 qnsrurn
398 2679 519 2743 quislibet
528 2678 682 2730 duodecims
694 2686 804 2742 pareest
841 2678 990 2728 sacrifieiis:
1004 2681 1065 2746 quis
1075 2687 1102 2731 et
1114 2681 1200 2731 notior
1210 2688 1252 2732 est
1262 2681 1315 2733 ists
1325 2697 1368 2733 re·

278 2754 332 2804 «liei
354 2754 465 2819 cujusvis
486 2753 612 2817 noctisve,
631 2769 677 2805 seu
702 2754 805 2804 brevior
842 2761 882 2804 tus
893 2756 1012 2818 agricolis
1023 2764 1151 2821 conceptu
1162 2757 1269 2821 opinio,’
1281 2762 1331 2810 &a

278 2830 333 2894 ills,
343 2845 388 2881 sen
402 2831 501 2894 longior
511 2831 554 2880 sit.
576 2829 675 2880 Hsrnns
687 2831 714 2880 in
726 2830 805 2880 ltslis
872 2840 884 2865 ⁶
900 2833 933 2882 Δ.
942 2835 967 2881 rt.
981 2832 1069 2897 Vtin]
1096 2832 1155 2882 lieo
1166 2841 1216 2890 est.
1226 2841 1288 2884 snte
1300 2835 1369 2885 diem

277 2906 484 2972 hodiequensns.
514 2903 666 2956 lixdierum
679 2906 805 2955 noctium·
842 2914 962 2956 octsssru
979 2906 1088 2957 Kalend.
1118 2908 1161 2958 Its
1174 2909 1312 2973 Sosigenes
1324 2910 1371 2960 So·

278 2996 328 3046 que
340 2981 526 3046 inequalitste,
536 2979 628 3029 brunus
637 2980 677 3028 rel
688 2978 806 3038 solstitio,
842 2982 875 3031 lis
894 2983 1035 3047 ingressuro
1054 2984 1080 3033 in
1092 2984 1218 3048 Arietem,
1231 2999 1296 3036 vrrs.
1309 2987 1370 3036 Ksl.

280 3057 323 3108 die
342 3059 383 3106 vel
406 3065 493 3118 nocte,
510 3057 629 3106 horsrnm
648 3055 806 3120 ejuscemodi
843 3055 927 3121 April.
939 3073 985 3108 seu
997 3071 1064 3108 ns.
1076 3059 1181 3109 Mertii:
1197 3061 1221 3110 in
1234 3060 1371 3124 Csprieor·

279 3135 441 3198 inequalitas
452 3133 544 3181 oritur.
843 3145 914 3195 auur,
927 3145 988 3183 snr.
1006 3133 1064 3183 Kst.
1075 3133 1154 3184 anu.
1171 3148 1217 3184 sen
1237 3147 1306 3188 xxv.
1316 3137 1371 3186 De·

311 3207 365 3257 ‘Is
375 3207 464 3257 mois
472 3204 590 3270 μήϋυ]
609 3207 725 3257 curnSol
736 3213 806 3256 oets·
844 3209 926 3258 csnrb.
938 3217 966 3260 et
979 3209 1016 3258 sic
1033 3211 1065 3258 de
1085 3210 1143 3259 silis
1161 3211 1370 3262 constituentium

280 3285 566 3349 sumsigniqunspisrn
585 3285 691 3348 gradum
710 3287 806 3350 perlus-
844 3285 961 3336 censuit:
981 3283 1046 3347 quod
1067 3286 1234 3348 qnsmolsrem
1254 3288 1293 3336 its
1311 3301 1370 3338 een·

280 3366 342 3410 trst.
377 3359 541 3410 Verumcnns
558 3361 649 3425 priscis
666 3361 716 3411 iliis
726 3363 806 3426 scrip·
845 3361 936 3423 suerit,
953 3361 1067 3421 explicet
1084 3359 1187 3410 erudite
1200 3362 1371 3414 Petssinsds

281 3435 382 3486 toribus
403 3435 482 3485 sunm
505 3442 545 3486 est
563 3438 683 3487 cardines
711 3449 807 3488 snnnos
845 3436 1087 3498 Doetr.'l¹erup.sv.
1104 3439 1145 3485 2⁴1.
1162 3451 1188 3500 p.
1204 3440 1261 3486 toti.
1289 3439 1372 3488 Verss

281 3527 333 3563 non
345 3513 370 3562 iu
381 3513 511 3577 signoruni
524 3513 614 3576 initiis,
630 3513 674 3562 sed
692 3513 719 3562 in
737 3519 808 3564 osts-
846 3518 931 3561 tumen
943 3517 971 3559 et
985 3509 1082 3572 lssprflis
1098 3511 1165 3560 Solis
1182 3512 1312 3575 ingressus
1322 3529 1371 3564 non

281 3589 320 3639 sis
339 3589 455 3653 pertibus
474 3595 606 3640 statuere:
624 3603 675 3638 non
696 3595 747 3640 ism
765 3603 809 3639 eos
846 3587 872 3637 in
883 3588 928 3636 lsos
940 3586 994 3636 dies
1006 3586 1105 3636 incidit.

282 3663 315 3712 sri
335 3671 429 3714 exscts
449 3665 513 3714 Solis
536 3665 703 3730 squincorte,
724 3665 808 3715 solsti-
878 3661 995 3712 tumn
1012 3663 1038 3712 li
1054 3664 1174 3729 mian]
1191 3665 1241 3714 Hes
1260 3675 1374 3730 qustnor

283 3737 363 3799 tine,
382 3739 526 3800 respexisse
545 3739 667 3800 arbitror,
685 3753 760 3803 quarn
771 3739 809 3788 uti
846 3739 905 3788 snui
917 3747 1004 3802 psstes
1018 3740 1161 3790 intervallis
1170 3743 1229 3792 sliis
1239 3751 1270 3794 et
1281 3747 1374 3796 sectio·

282 3813 380 3878 populo
401 3814 535 3868 servirent,
555 3814 597 3864 eui
618 3814 811 3864 seccssnsoslsts
847 3815 1039 3878 nibussingulss
1053 3815 1209 3869 dividuntur.

283 3889 363 3954 magis
374 3904 407 3940 es
417 3889 483 3937 ratio
500 3886 559 3953 fult,
576 3889 608 3938 sri
626 3897 809 3954 tempestatum
879 3897 892 3934 t
904 3890 1001 3940 lssliout
1012 3891 1051 3941 riis
1060 3891 1170 3956 XLVL]
1180 3895 1222 3944 lts
1234 3895 1302 3946 Mss.
1312 3899 1373 3961 Reg.

281 3965 454 4032 significatum
472 3963 541 4029 qnod
557 3980 606 4015 non
625 3967 650 4014 in
671 3967 727 4029 ipso
743 3983 809 4030 pree-
848 3966 924 4015 colb.
949 3969 1064 4031 aliique:
1092 3970 1129 4018 sic
1150 3983 1251 4034 qnoque
1274 3975 1373 4024 rstione

285 4044 414 4108 cisesipni
429 4043 524 4106 capite,
541 4044 586 4094 sed
605 4043 764 4107 siiqrrsntrsnr
783 4044 810 4093 in
849 4042 942 4091 esleuii
964 4051 1133 4106 exposcente.
1166 4043 1266 4096 cuturn.
1290 4061 1333 4098 ιι.
1350 4054 1374 4098 ².

285 4133 317 4168 eo
336 4119 420 4182 spstio
440 4125 578 4182 provectus
597 4119 648 4168 rins
666 4133 737 4169 snsru
754 4117 810 4170 effi·
850 4109 955 4167 ‘Pridie
974 4117 1037 4167 idus
1050 4117 1169 4182 Augusti,
1187 4120 1258 4170 Fidis
1278 4124 1375 4175 occidit

284 4195 458 4258 mentismqne
477 4202 642 4246 monstraret.
675 4195 743 4245 Audi
762 4196 810 4245 Co·
849 4207 933 4256 rusus,
944 4199 971 4242 et
983 4193 1127 4244 Autumnus
1138 4195 1248 4258 incipit!

286 4273 348 4324 lum.
367 4286 409 4323 rx.
424 4277 463 4322 lt.
479 4273 554 4323 ‘Nec
566 4285 605 4323 nse
617 4272 684 4323 isllit
696 4273 809 4338 Hippur-
