2944 4866
247 327 332 432 libu
593 371 702 424 nonu
726 373 923 424 r'tnronurr
948 371 988 424 tn

248 518 436 572 etcutameon!
468 517 587 569 Valetlni
613 519 722 569 Flaeour
743 517 775 568 ll·
810 519 908 568 Fabula
925 517 984 567 iude
1001 515 1125 582 uriplnem
1136 513 1228 566 babuit
1238 509 1338 578 (nti'ei

249 597 298 647 bro
316 611 347 646 rr.
365 601 421 646 888.
444 597 452 624 ‘
462 595 540 644 Patet
558 595 704 658 ollirjruua
715 593 773 655 leti,
812 593 939 644 llecrtoeo
961 593 1063 644 lelileria
1083 592 1225 641 Purrnniao
1243 592 1270 638 in
1287 590 1336 639 1an

248 671 337 736 Atque
356 672 449 720 iterum
468 683 584 719 remeare
594 668 674 720 licet.'
703 669 774 731 bego
810 683 867 720 con.
887 668 982 733 refert)
1000 669 1067 733 quoti
1090 669 1116 717 in
1142 668 1189 716 illa
1210 667 1336 730 apelooer

248 748 364 812 reliquae
379 761 437 795 uam
456 747 526 794 iocur
545 753 587 794 eet
602 743 737 808 siugulnria
747 744 773 792 ln
809 743 926 794 immauir
937 759 1043 807 aerpeur
1053 745 1160 792 inatrnm
1170 742 1279 791 lrabnit:
1290 741 1335 806 qui

248 823 315 888 lrpnc
335 834 403 880 reru}
436 835 519 886 neque
540 820 644 869 aliunde
665 818 775 877 iniuriae,
810 817 907 870 idcireo
919 818 1059 870 inferorum
1071 819 1142 868 cauir
1158 815 1336 881 dictunquon

248 898 453 960 parentationea,
470 905 497 944 et
519 895 603 945 omnia
630 896 773 958 placamine
810 907 886 957 quem
909 908 993 944 moran
1020 895 1174 958 impetisset,
1197 894 1289 942 veneni
1309 893 1335 940 ri

248 972 368 1020 manium.
401 970 486 1020 Aliter
507 971 611 1020 Petitur
634 971 708 1019 iiiuc.
730 983 773 1020 ru.
810 969 896 1018 atatim
908 971 1107 1034 opprimeretur.
1140 967 1167 1017 ir
1183 981 1289 1030 eerpeur
1301 966 1335 1015 ab

249 1053 287 1097 li.
300 1062 356 1098 narn
368 1045 656 1111 Bernartiuerieeperat.
669 1046 773 1094 Gronov.
812 1042 924 1104 llercule
942 1044 975 1093 ad
996 1044 1158 1098 Eurirtlreuru
1179 1047 1335 1106 pertrectat.

250 1125 338 1175 Grauia
347 1123 437 1186 enitor]
453 1123 534 1175 eroei
551 1123 598 1171 lroc
610 1119 692 1170 Pu'eta
705 1120 773 1169 volu·
810 1116 940 1169 Homerus
954 1133 1025 1182 vero,
1037 1119 1080 1183 qni
1097 1118 1192 1182 primur
1203 1115 1274 1166 Ditia
1290 1129 1334 1166 cn-

247 1201 308 1262 erit,
334 1206 363 1249 ut
390 1200 563 1261 intelligamus
590 1198 657 1246 lntuc
686 1197 773 1246 ueacio
809 1206 962 1258 ueur,quern
977 1191 1334 1255 Herculeaextrnxiatet,ap-

248 1290 322 1339 qrrem
334 1289 489 1338 promuntur
505 1287 608 1322 ariorum
620 1273 719 1322 meritiu
730 1287 773 1321 oc·
809 1270 924 1333 pellarit,
946 1284 1029 1335 neque
1045 1283 1138 1319 nornen
1159 1269 1184 1316 ei
1201 1267 1335 1330 proprium

247 1350 358 1399 cidirae:
377 1357 403 1400 et
416 1357 502 1398 rutum
520 1349 577 1413 ejur
595 1349 668 1396 melre
681 1347 772 1396 mentio
808 1345 938 1408 imposuit,
955 1360 1038 1412 neque
1050 1345 1082 1395 rie
1094 1345 1150 1409 ejua
1161 1343 1244 1408 ligura
1261 1343 1334 1407 qnie-

246 1426 371 1489 ortentlit,
389 1425 456 1491 quod
475 1431 543 1473 earet
559 1424 636 1473 etium
648 1422 716 1486 apud
734 1424 771 1470 iu·
808 1435 882 1486 quam
910 1429 1068 1472 commentor
1094 1429 1149 1468 erte
1177 1418 1337 1483 pueteriuree

246 1501 316 1550 feror
327 1511 494 1552 reservatum.
511 1500 621 1549 Loctnnt.
808 1497 947 1546 Cerberum
956 1497 1130 1560 appellarunt.
1140 1501 1168 1544 et
1177 1509 1234 1544 curn
1244 1503 1336 1544 cetera

275 1583 311 1627 -18
330 1578 450 1639 &inque
465 1573 605 1638 camere]
627 1572 657 1622 ld
674 1581 722 1633 eat,
738 1571 771 1621 rie
808 1576 865 1624 caui
876 1574 998 1625 fecissent
1009 1574 1132 1634 eimiiem;
1149 1573 1200 1622 triu
1210 1571 1336 1622 dixerunt

245 1654 352 1703 aliorum
379 1651 506 1701 felicitate
535 1648 658 1715 torqueri.
703 1650 769 1699 Narn
808 1647 1096 1714 errrlrrlrabe'te,irlque
1111 1649 1334 1720 cntnmrruiter‘re·

245 1743 303 1780 curu
326 1729 400 1778 mulia
416 1734 567 1790 parceretur
582 1725 680 1786 alienia,
700 1737 771 1786 pror·
807 1729 921 1786 ceptum.
954 1725 1083 1774 lierindut
1100 1732 1185 1774 lamen
1204 1724 1230 1772 iu
1249 1724 1334 1772 Theca

247 1805 359 1869 periture
372 1801 530 1852 tabescebat.
548 1801 657 1850 latim.
808 1801 883 1863 puuia
894 1801 1080 1865 quinquaginta
1092 1801 1206 1850 Cerbero
1223 1798 1335 1862 affingit.

281 1882 312 1928 tu
329 1879 480 1939 Quotcunque
489 1875 593 1936 werric]
609 1875 638 1924 ln
651 1890 770 1940 qrru’enn·
808 1875 932 1926 Horatius
942 1891 971 1926 rr.
982 1877 1035 1926 Ori.
1045 1881 1083 1926 18.
1093 1885 1205 1927 centurn.
1217 1877 1334 1925 umor.

247 1969 297 2018 que
323 1954 448 2018 obsequia
468 1954 509 2002 rel
535 1951 648 2001 remedia
671 1953 769 2002 vocarir
840 1955 872 2000 iti
889 1953 969 2002 Ferria
979 1951 1181 2014 mamburnum]
1197 1953 1282 2013 Super
1293 1951 1334 2015 ip·

245 2029 354 2078 excitur.
374 2027 449 2078 irien.
808 2039 862 2074 tntu
873 2026 941 2077 seraa
951 2037 1020 2078 aetra
1032 2027 1178 2089 considunt,
1194 2028 1217 2076 iri
1231 2037 1271 2076 ert
1285 2031 1334 2091 pc‘r

277 2105 309 2152 28
327 2103 410 2151 Onnir
426 2103 529 2164 copim
544 2100 660 2163 arronii]
686 2102 769 2151 Eteri
808 2102 970 2153 eminentiam
983 2105 1022 2153 aui
1034 2104 1120 2153 eedem
1133 2103 1333 2168 prnatatautrir,

244 2177 325 2241 ipsine
342 2179 412 2227 cauia
429 2179 517 2240 capite
533 2175 698 2225 referentium
720 2182 771 2238 ent,
809 2178 900 2241 rapido
911 2193 987 2228 coreo
999 2179 1123 2244 fatigatio.
1156 2177 1332 2228 Airituniueru

245 2261 272 2303 ct
286 2253 317 2302 ad
330 2259 489 2316 nerpeutuur,
498 2253 541 2316 qni
551 2253 638 2314 cupita
649 2251 706 2314 ejue
716 2251 770 2301 cin·
809 2254 888 2302 voluit
900 2254 1054 2318 exprimere,
1064 2254 1136 2318 quari
1149 2255 1200 2302 illic
1211 2261 1281 2306 natrn
1291 2267 1332 2302 re·

245 2335 325 2394 guut;
342 2329 366 2378 id
385 2337 424 2378 ert
441 2329 614 2378 nmuiebiatua
631 2328 719 2376 lrururu
730 2342 770 2377 ca·
807 2329 892 2393 quiem
904 2339 1013 2380 ruruaut.
1031 2330 1143 2379 haunt·

244 2407 336 2468 pirum,
348 2406 408 2469 quia
420 2399 549 2453 Cerbe'nu
561 2409 616 2452 ert:
633 2409 678 2452 aut
688 2405 770 2452 omnir
838 2410 870 2456 48
888 2406 1005 2455 Interim
1019 2406 1084 2468 nra]
1110 2405 1183 2454 Dicit
1199 2406 1286 2455 nereio
1303 2407 1330 2456 iu

242 2481 327 2530 luiatue
339 2477 497 2542 aarpeutn'in,
514 2480 605 2542 quibos
623 2489 703 2542 caput
714 2479 769 2541 ejur
806 2493 856 2543 qua
867 2483 1083 2543 parte'l'oenarum
1097 2483 1228 2530 recurvati
1245 2480 1277 2530 ari
1295 2483 1334 2533 vi·¹

244 2557 360 2620 collaque
371 2556 496 2606 velantur.
512 2556 623 2605 helui.
807 2569 862 2606 cern
875 2565 979 2620 portur:
992 2559 1018 2607 in
1030 2571 1080 2622 quo
1092 2555 1171 2605 refert
1183 2571 1262 2620 equor
1272 2571 1331 2608 runa

275 2635 308 2682 29
325 2632 413 2695 Spurio
430 2633 479 2680 iulo
496 2628 648 2692 'lurboeerot]
676 2629 706 2679 id
728 2638 769 2680 eat
806 2632 971 2681 consuevisse
981 2633 1106 2684 atabulari
1116 2625 1333 2694 Neptnnrrmz'eet

243 2721 331 2770 eparra
352 2707 461 2768 iecerat,
486 2707 635 2769 hypallage:
670 2714 697 2754 et
721 2706 769 2756 boc
806 2705 987 2768 Hyperbrtoo.
1005 2707 1079 2757 idern.
1109 2706 1331 2770 l'ronpeutiolitto·

243 2782 377 2832 irascentis
389 2788 437 2830 eat.
459 2777 531 2842 Virg.
543 2783 550 2810 ⁸
561 2780 630 2830 Oura
641 2794 768 2844 auperre-
804 2781 844 2842 ru]
868 2781 895 2830 Si
913 2783 982 2834 incur
999 2791 1071 2832 recte
1087 2782 1177 2842 babet,
1186 2783 1330 2845 frangentia

243 2857 358 2907 cubant!
393 2857 534 2918 Gigantum
552 2857 653 2906 scilicet
664 2871 720 2906 orna
731 2859 768 2907 iu·
806 2855 871 2905 dixit
884 2872 929 2919 pru
946 2855 1063 2920 ‘fractu’
1079 2857 1173 2921 apeudl
1183 2858 1331 2921 riguificatu

244 2934 421 2994 aepnltoruur;
437 2931 626 2996 lingitur'eniru
638 2932 768 2981 Cerberua
805 2944 853 2992 pro
881 2925 1014 2995 patiendi:
1043 2927 1126 2982 iniens
1153 2929 1201 2983 iane
1226 2936 1330 2999 optinuit

244 3007 412 3072 cadaveribus
424 3007 502 3070 parci.
520 3008 594 3056 luen.
805 3006 1030 3073 acriptoribue,qui
1039 3008 1245 3073 {annuntiaturae
1255 3026 1332 3075 agou-

274 3089 304 3134 81
325 3085 559 3147 Furentergemiuo]
576 3085 691 3148 Propter
701 3085 768 3135 trina
805 3080 831 3129 oi
847 3083 954 3133 verbnm
970 3086 1111 3144 normulis,
1121 3092 1149 3133 et
1167 3085 1292 3148 potiendi,
1304 3101 1329 3134 a·

242 3161 339 3208 lumina
356 3162 433 3209 trintn
450 3161 572 3223 capitum,
584 3159 657 3223 quari
671 3165 714 3209 tut
731 3161 767 3210 illi
804 3159 882 3221 pendi
907 3161 1096 3225 aignificatioue
1119 3167 1253 3224 usurpant.
1286 3161 1330 3212 lta

241 3249 342 3283 eumuna
360 3235 504 3294 immiserit,
519 3241 582 3298 quot
597 3235 684 3299 capita
697 3237 768 3284 lumi·
804 3235 1006 3299 ‘Spectatneeat
1016 3237 1101 3286 aueru'
1111 3237 1330 3300 pru¹rpectarit‚’

242 3308 318 3357 nibur
330 3317 499 3358 armarentur.
517 3309 591 3358 iden.
805 3311 905 3362 Varro:
937 3315 1134 3363 ‘communicati
1169 3317 1247 3375 ennt,'
1279 3327 1328 3377 pro

274 3388 307 3433 88
324 3384 568 3448 Estioraelnociioe]
586 3386 652 3436 line
669 3387 768 3450 ‘'lopo·
804 3387 1090 3438 “communicarernut.’
1106 3389 1221 3438 Bnaurt.

242 3459 453 3510 tiresia'diritnr:
472 3460 767 3512 ideetflctualocuere·
836 3467 867 3512 44
883 3464 984 3526 Audon]
1010 3465 1120 3516 Quidam
1139 3465 1198 3514 iibri
1216 3464 1329 3514 tinacri-

241 3533 353 3583 cuodnm
378 3535 505 3598 politicam
526 3537 666 3586 licentiam.
700 3537 766 3586 Nam
804 3537 876 3590 bnut.
909 3540 972 3588 biilri
991 3547 1075 3591 tameu
1092 3548 1120 3590 ct
1136 3541 1217 3602 magii
1233 3542 1330 3606 piacet,

241 3610 267 3658 iu
277 3609 399 3672 ejuarnurli
411 3610 594 3674 descriptione,
606 3611 648 3660 ubi
660 3611 714 3660 teri
730 3613 767 3661 lo·
803 3619 830 3661 et
846 3613 871 3662 io
888 3615 999 3665 omnium
1016 3615 1112 3677 optimo
1129 3614 1218 3664 codice
1241 3630 1331 3679 reper-

240 3687 264 3734 ri
291 3685 371 3736 iacies
399 3686 598 3746 demouetratur,
619 3689 767 3750 ‘Topngra-
804 3697 857 3738 turn
869 3695 965 3739 ertum
976 3692 1072 3740 mua.
1105 3689 1181 3741 Quod
1196 3692 1329 3742 etLucta-

241 3764 299 3824 plria
309 3761 316 3784 '
328 3762 440 3812 dicitnr:
460 3763 501 3812 nbi
513 3761 601 3812 fictum
613 3763 673 3826 quiri
685 3765 766 3824 uenit,
803 3763 853 3813 tina
865 3773 892 3813 et
904 3766 1003 3815 Gloaen
1015 3773 1165 3829 aguueeuut.
1183 3765 1257 3815 'l'eliu
1268 3780 1329 3818 vero

239 3837 432 3902 ‘Toputbenia.'
448 3838 522 3886 iden.
558 3837 656 3886 Teucro
670 3840 765 3902 genter]
801 3840 914 3888 multain
924 3841 1328 3904 Dereriptiouibuelocurunrhnc

239 3914 373 3962 Tanarum
385 3913 426 3978 (ut
439 3920 465 3962 el
482 3913 764 3976 linieum)prntuunto·
801 3929 882 3977 penna
901 3915 994 3978 pu'e'tae,
1013 3915 1137 3978 imprimis
1153 3915 1178 3964 iu
1201 3916 1328 3981 Dionysio

240 3989 304 4036 rium
325 3989 453 4050 baronio,
470 3989 495 4037 iu
512 4003 561 4052 quo
584 3990 706 4052 templum
724 3997 764 4040 eat
800 3988 981 4052 interpretatu,
1003 3991 1109 4053 inriguir
1130 3997 1213 4051 ratee,
1234 3991 1328 4041 Fertur

239 4069 369 4129 spelunca·
382 4067 518 4128 perairuile.
551 4065 658 4115 Aditum
670 4066 764 4116 inferni
800 4061 1032 4114 Artemonem.

241 4139 323 4202 poie'tar
342 4141 439 4202 dicunt,
453 4150 479 4190 et
495 4142 527 4190 ab
544 4141 658 4191 Hercule
670 4142 764 4192 Cerbe-
833 4146 865 4190 eu
883 4141 976 4191 linuit
996 4141 1108 4205 ware]
1138 4141 1276 4192 llomiuutu
1297 4142 1326 4191 fr-

240 4229 295 4264 rnrn
313 4215 360 4264 bac
373 4225 517 4268 extractum
528 4219 643 4281 plerique
654 4216 762 4280 lingunt.
800 4218 873 4268 demi
890 4220 958 4270 huuc
969 4221 1054 4270 locunr
1065 4233 1115 4283 quo
1128 4232 1223 4282 genere
1241 4218 1326 4268 deiur-
