3094 4862
281 413 367 480 eois
645 429 678 478 o.
703 427 822 476 solun
845 427 1008 477 saeuum

284 573 460 637 advectum
476 579 624 655 apparet,
642 571 796 654 quoniam
813 569 903 652 apud
926 576 1079 634 auctores
1101 587 1165 632 non
1190 567 1369 650 reperitur:

283 673 318 736 id
341 681 450 736 arrtem
472 678 540 736 tola
562 671 679 754 hyeme
703 671 811 734 durrat.
856 669 1045 735 Etiamnum
1068 667 1189 732 unum‘
1210 671 1370 752 sylvestre

284 775 394 840 Graeci
421 775 537 854 agrion
562 779 694 848 vocant,
721 771 857 836 Pontici
883 791 1006 847 armon,
1029 770 1086 834 alii
1112 771 1238 846 leucen,
1263 771 1371 834 nostri

284 875 516 950 armoraciam,
530 873 648 938 fronde
664 874 832 957 copiosius
847 893 946 956 quam
966 891 1115 954 corpore.
1158 870 1199 934 In
1217 871 1370 934 omnibns

284 984 391 1042 autem
422 976 599 1058 probandis
627 975 773 1038 maxime
803 981 991 1057 spectantur
1024 973 1161 1036 caules:
1195 971 1369 1036 immitium

284 1079 369 1142 enim
386 1077 588 1141 rotundiores
603 1077 862 1160 crassioresque,
878 1095 918 1140 uc
933 1076 1043 1157 longis
1058 1074 1240 1137 canalibus.
1273 1072 1371 1137 Folia

282 1181 359 1264 ipsa
373 1178 528 1254 tristiora,
542 1185 577 1241 et
592 1177 724 1258 angulis
738 1176 881 1241 horrida.

325 1279 398 1343 Seri
414 1279 482 1342 vult
506 1278 673 1362 rapbauus
696 1287 785 1342 terra
808 1279 928 1354 soluta,
952 1277 1097 1341 humida.
1141 1275 1271 1338 Fimum
1287 1273 1370 1352 odil,

283 1380 384 1464 palea
412 1385 598 1442 contentus·
644 1379 774 1461 Frigore
800 1380 886 1444 adeo
909 1378 1041 1462 gaudet,
1066 1384 1104 1441 ut
1130 1378 1164 1439 in
1191 1375 1369 1440 Germania

283 1481 452 1544 infantium
479 1499 650 1561 puerorum
676 1480 937 1563 magnitudinem
963 1485 1087 1561 aequet.
1139 1477 1264 1542 Seritur
1292 1487 1371 1560 post

285 1579 366 1644 ldus
393 1581 490 1644 Febr.
515 1589 552 1645 ut
574 1602 691 1647 vernus
715 1584 783 1646 sit:
815 1584 1000 1664 iterumque
1026 1581 1117 1644 circa
1140 1577 1370 1654 vulcanalia:¹

284 1700 360 1763 quae
388 1684 475 1745 satio
499 1683 624 1748 melior.
668 1684 768 1748 Multi
790 1692 824 1749 et
846 1684 982 1757 Martio,
1004 1687 1037 1746 et
1059 1680 1170 1763 Aprili
1192 1685 1312 1757 semnt,
1334 1691 1370 1744 et

283 1781 481 1864 Septembri.
527 1783 708 1868 lncipiente
737 1787 946 1855 incremento,
976 1783 1100 1848 confert
1127 1782 1255 1846 alterna
1283 1781 1370 1846 folia

284 1882 555 1960 circumobruere,
571 1885 664 1966 ipsos
680 1905 759 1949 vero
775 1885 1012 1952 accumulare.v
1056 1883 1090 1946 N
1092 1903 1145 1946 arn
1165 1883 1222 1967 qui
1245 1889 1369 1946 extra'

283 1988 402 2046 terram
418 1985 563 2060 emersit,
578 1984 680 2048 durus
696 1985 735 2049 fit
753 1993 855 2069 atque
876 1986 1050 2067 fungosae.
1094 1981 1370 2048 Aristomachus¹

284 2083 410 2146 detrahi
431 2083 514 2148 folia
535 2105 595 2167 por
615 2084 766 2167 hyemem
790 2088 894 2171 Jubet,
924 2097 968 2163 et,
991 2105 1031 2148 ne
1052 2086 1181 2149 lacunae
1203 2091 1368 2166 stagnant,

283 2185 504 2250 accumulari:
518 2185 531 2224 ⁸
549 2187 596 2250 ita
612 2187 644 2252 in
660 2193 810 2251 estatem
825 2187 1049 2267 grandescere·
1095 2184 1241 2261 Quidam
1257 2185 1369 2268 prodi-

737 2363 823 2384 mou
826 2363 915 2382 ΝΝΝ

281 2463 379 2524 nausia,
401 2462 610 2525 subsolana-r
629 2465 718 2513 Dslsc.
744 2469 768 2513 et
790 2465 850 2527 quod
871 2470 1009 2514 anast-s
1027 2463 1068 2513 lts
1093 2462 1168 2512 codd.
1191 2462 1273 2526 segg.
1297 2461 1370 2510 Brut.

281 2526 373 2575 Dalec.
385 2523 469 2575 enim.
481 2535 507 2576 et
518 2528 605 2578 Editio
616 2529 753 2592 princeps,
769 2529 914 2578 mensim
930 2529 1046 2578 Gronov.
1066 2528 1192 2578 Harduin.
1212 2536 1239 2577 et
1258 2535 1370 2577 recenti.

775 2701 799 2752 N
804 2701 882 2752 0¹1¹AE

313 2800 321 2831 ¹
335 2797 472 2848 saum
488 2797 570 2862 sssss]
593 2799 710 2864 lispbani
732 2801 806 2850 nimi·
845 2801 925 2850 multo
938 2808 1011 2863 pert:
1027 2799 1161 2863 ‘llspbsni
1171 2797 1244 2848 radix
1252 2797 1291 2846 bis
1302 2811 1371 2846 annu

281 2888 347 2938 rum,
363 2888 414 2924 nun
431 2876 557 2940 brassica,
576 2877 702 2940 sylvestre
718 2893 805 2941 μηιιι.
843 2878 954 2927 seritur:
972 2877 1111 2927 Februario
1130 2890 1227 2936 mense,
1242 2889 1301 2923 enni
1314 2890 1371 2924 ser·

282 2951 437 3000 Philoxenus
449 2951 474 3001 in
487 2953 577 3015 glossis
589 2969 596 3002 s
614 2953 755 3017 Μαινίδες,
765 2971 804 3004 ar·
844 2968 903 3002 num
913 2952 1026 3004 fructum
1038 2961 1220 3014 espectsmus:
1231 2959 1260 3000 et
1268 2939 1371 3014 An'gns·

280 3025 390 3076 mumulo.
424 3026 538 3076 Isidorus
552 3041 624 3078 xvrr.
641 3033 680 3078 lt.
691 3044 804 3080 armora-
845 3028 1225 3087 tumensscircsvnlaanalls,
1240 3041 1298 3076 eum
1318 3041 1372 3074 ms·

280 3100 346 3149 eiam
362 3101 639 3164 esrslspsansmfslro
658 3111 742 3166 putat.
768 3106 804 3154 U·
845 3105 935 3154 torius.
965 3105 1016 3156 Sed
1044 3105 1099 3153 bac
1121 3103 1188 3152 sstlo
1214 3103 1270 3151 aine
1291 3101 1371 3151 dnbio

279 3185 396 3244 trsmqns
413 3180 549 3242 distinguit
562 3181 704 3232 ratumena
720 3196 759 3232 rx.
779 3189 804 3234 l.
843 3181 932 3229 melior
942 3178 1070 3230 babetur!

277 3253 352 3304 ‘Jsm
375 3252 455 3314 vero:
481 3254 571 3319 inquit,
598 3256 686 3306 ‘notra
706 3258 802 3308 vilioris
874 3264 886 3288 '
904 3255 969 3318 lom
991 3271 1045 3304 vm
1064 3253 1219 3316 ΜΕΝ]
1234 3252 1371 3316 Auem

278 3328 476 3378 innumerabiles
504 3336 642 3379 nascuntur
663 3331 749 3382 barbae
843 3337 950 3393 terram,
966 3329 1180 3380 circumfundare.
1201 3330 1302 3380 Colum.
1322 3331 1371 3380 loc.

278 3411 307 3452 ut
320 3403 436 3468 vulgares
458 3406 578 3467 lapsana,
590 3421 638 3456 nec
656 3407 693 3456 bis
708 3409 803 3471 pretio·
844 3406 889 3455 eit.
954 3461 960 3470 Ι

277 3478 497 3528 stursrmorsein’
530 3479 617 3534 Italis,
635 3496 718 3530 rernm
737 3484 803 3531 snti-
875 3490 891 3514 ¹¹
909 3481 1020 3545 Numqui
1030 3481 1111 3546 aba]
1126 3483 1268 3532 Columella
1279 3481 1370 3534 iisdem

276 3569 382 3618 qnsrrnn
399 3567 501 3617 parans,
514 3555 595 3605 adbuc
610 3556 759 3620 Armorica,
776 3567 804 3607 et
842 3557 936 3621 verbis,
948 3559 998 3607 luc.
1009 3559 1056 3607 cit.

276 3629 397 3678 Remloci
414 3632 540 3691 nominat,
559 3639 628 3680 teste
647 3631 805 3697 Anguibus,
873 3639 886 3665 ¹
902 3633 1090 3697 Aristomachus]
1109 3635 1237 3696 'l'beopbn
1256 3649 1370 3699 quicque,

276 3709 476 3766 par.t.p.llt.
505 3705 605 3768 Nostri,
618 3707 804 3768 &consenga
843 3708 1073 3760 decisoriam.
1095 3713 1194 3771 patu.
1226 3708 1370 3770 ‘opotsstt

275 3779 364 3828 Dione.
377 3791 406 3826 rs.
418 3781 474 3826 lss.
494 3777 604 3839 'raawb
616 3779 735 3843 ὄγρίῆἣν
749 3783 803 3832 Ῥω·
840 3784 912 3833 τοῦτο
933 3782 1054 3843 συμβαίνει
1073 3782 1112 3834 sul
1130 3785 1156 3832 lv
1177 3786 1228 3834 ruis
1245 3787 1369 3847 λαχάνων

273 3853 337 3912 pulos
346 3851 602 3916 ίρμορακίανκιλοῦσι,
610 3873 633 3904 κ.
644 3874 670 3906 τ.
681 3867 707 3906 λ.
841 3860 877 3920 ἐφ’
899 3856 931 3907 ὃν
945 3856 1078 3920 textuum
1095 3858 1138 3908 τὰς
1159 3857 1235 3922 ῥίζας,
1255 3863 1304 3908 τᾶν
1325 3862 1369 3922 μὲν

306 3932 407 3979 ¹¹Girsu
430 3930 576 3996 Vstcssrslia]
599 3931 740 3984 Columella
761 3949 801 3986 xr.
841 3932 1370 4000 lamminasrdodms,ssodssprfispap..

274 4012 298 4057 8.
324 4010 463 4058 ‘Ceterum
487 4006 601 4070 Augusto
623 4013 692 4060 clrcs
707 4013 801 4063 Vulca-
840 4008 978 4065 sileatur
993 4007 1368 4074 μίλιστιιιίαίεοσιτοΰχιψῦ-

274 4084 352 4140 aslis,
365 4085 442 4132 tertis
460 4083 527 4133 sario
538 4094 592 4135 est:
610 4100 692 4151 esque
703 4089 802 4152 optima
842 4102 888 4138 ros.
896 4084 934 4134 sal
944 4083 1246 4148 smwiwomsrtmtr,
1255 4088 1318 4138 ὅστε
1328 4089 1369 4138 asi

275 4159 380 4219 radicis,
395 4161 457 4224 (boe
474 4166 525 4222 est,
545 4163 674 4226 raphani.)
682 4171 709 4212 et
722 4179 800 4228 rapae.
840 4159 1369 4227 ritbpdsmlysodmlpsqitlpnylm-

272 4235 385 4299 itemque
412 4235 482 4298 napi,
504 4241 531 4284 et
551 4236 657 4300 siserie,'
677 4241 726 4289 &a
760 4240 800 4290 Ac
840 4234 1156 4300 τωθαυμαπαίτᾷπίχιι.
