3094 4862
485 425 573 475 usn.
596 425 695 476 utsr.
719 428 792 475 um.
816 424 903 475 xrx.
924 409 978 476 26.
1186 409 1274 476 3015

183 569 272 647 dere,
295 569 324 634 si
347 569 425 652 palo
447 568 566 633 adacto
589 588 729 634 caverna
749 570 848 652 palea
864 569 1062 633 insternatur
1075 585 1136 631 sex
1153 565 1272 650 digito·

183 690 254 734 mm
277 669 462 746 altitudine,
484 669 605 735 deinde
627 672 659 733 in
683 689 791 733 semen
817 669 997 752 fimumque
1022 676 1056 734 et
1079 679 1165 734 terra
1190 684 1271 734 con-

183 779 341 852 geratur,⁹
373 769 416 834 ad
448 771 701 852 magnitudinem
733 771 863 836 scrobis
893 791 1049 836 erescere.
1094 771 1270 856 Praecipue

185 879 293 934 tamen
309 872 409 935 salsis
425 871 566 935 aluntur.
611 872 734 955 Itaque
750 871 851 935 etiam
871 873 996 936 talibus
1019 874 1115 954 aquis
1136 874 1269 954 irrigan-

185 982 247 1045 tur,
273 972 361 1038 etin
383 973 554 1054 AEgypto’
578 973 662 1038 nitro
686 979 895 1056 sparguntur,
921 973 979 1036 ubi
1006 981 1083 1037 sunt
1106 975 1270 1038 suavitate

184 1073 359 1157 praecipui.
413 1073 454 1136 In
477 1080 577 1137 totum
600 1093 736 1157 quoque
758 1075 927 1156 salsugine
949 1075 1135 1139 amaritudo
1155 1095 1270 1139 eorum

183 1176 350 1253 eximitur,
365 1173 516 1259 fiuntque
537 1177 644 1239 coctis
667 1177 803 1240 similes.
851 1175 1006 1258 Namque
1029 1185 1062 1240 et
1084 1177 1174 1240 cocti
1196 1175 1269 1239 dul-

184 1285 334 1351 cescunt,
357 1283 392 1339 et
419 1275 452 1338 iu
475 1295 636 1359 naporum
652 1277 756 1342 vicem
780 1282 957 1342 transeunt.
1001 1276 1130 1341 Grudos
1146 1277 1270 1340 modici

183 1378 335 1455 suadent,
351 1377 392 1441 ad
408 1377 590 1459 colligenda
606 1379 698 1442 acria
710 1379 887 1456 viseerum,
903 1376 1032 1442 dandos
1043 1382 1069 1416 ¹⁰
1091 1398 1164 1441 cum
1181 1379 1270 1442 sale⁸

177 1478 302 1562 jejunis
316 1485 427 1554 esse,¹¹
449 1486 549 1561 atque
564 1479 611 1542 ita
625 1479 862 1542 vomitionibus
878 1484 1098 1562 pracparant¹²
1114 1483 1268 1542 meatum.

183 1579 336 1644 Tradunt
350 1586 384 1642 et
398 1578 593 1659 praecordiis
617 1580 841 1644 necessarium
856 1579 941 1642 hunc
956 1598 1115 1644 succum:
1138 1577 1268 1660 quaudo

182 1681 332 1765 phthisin
345 1687 392 1726 ¹³⁸
414 1679 505 1744 cordi
521 1679 611 1743 intus
633 1679 843 1743 innatantem
862 1699 930 1744 non
952 1681 1020 1744 alio
1044 1680 1196 1763 potuisse
1211 1679 1267 1744 de-

181 1783 260 1867 pelli
276 1788 481 1864 compertnm
496 1781 540 1844 sit
554 1782 588 1844 in
598 1781 759 1864 AEgypto,
771 1780 905 1862 regibus
915 1800 1057 1864 corpora
1066 1788 1267 1844 mortuorum

183 1884 226 1948 ad
240 1882 439 1947 scrutandos
454 1882 588 1946 morbos
603 1883 872 1947 inescantibus.¹⁴
902 1881 1025 1965 Atque,
1040 1888 1075 1946 ut
1085 1889 1135 1946 est
1144 1881 1268 1947 Graeca

182 1987 323 2061 vanitas,
347 1984 446 2048 ierim
468 1983 502 2046 in
525 1984 650 2066 templo
675 1981 846 2065 Apollinis
870 1984 1012 2066 Delphis
1038 1983 1122 2048 adeo
1146 1981 1267 2046 ceteris

182 2087 267 2152 cibis
288 2085 445 2168 praelatus
467 2084 648 2166 raphanus,
669 2092 707 2148 ut
728 2103 772 2150 ex
794 2105 874 2148 auro
896 2085 1101 2159 dicaretur,¹⁵
1123 2084 1201 2148 beta
1222 2099 1269 2146 ex

181 2193 334 2269 argento,
349 2204 466 2267 rapum
483 2204 501 2248 e
517 2186 660 2268 plumbo.
697 2186 808 2250 Scires
823 2205 885 2248 non
898 2187 943 2249 ibi
956 2187 1102 2266 genitum
1116 2183 1268 2248 Manium

182 2284 341 2352 canunt
362 2288 604 2370 imperatorem,
629 2306 725 2369 quem
749 2286 947 2350 Samnitium
959 2285 984 2326 ¹⁶
1005 2286 1124 2368 legatis
1148 2301 1265 2348 aurum

181 2581 273 2645 Margo
285 2579 343 2630 edd.
357 2581 446 2630 Dslee.
458 2588 485 2628 et
497 2580 612 2632 Gronov.
627 2587 716 2631 terrm
726 2581 880 2643 «amare,
890 2593 905 2628 e
914 2579 1091 2642 Thespiis-tl
1102 2579 1166 2628 Cod.
1176 2579 1265 2628 Deles.

179 2646 261 2694 deinde
271 2660 356 2706 umes,
364 2645 404 2705 tre.
415 2646 506 2694 Dslee.
527 2647 652 2708 denteque
661 2646 809 2708 umesflsro,
819 2645 859 2706 tra.
876 2643 929 2694 Alii
941 2659 982 2708 sp.
994 2645 1086 2694 Dtlee.
1097 2645 1180 2694 deinde
1189 2659 1267 2692 usses

171 2709 276 2772 fictoque
292 2715 316 2759 st
335 2715 399 2758 terra
415 2715 627 2770 contestatum-ld
644 2711 700 2759 Vox
710 2711 798 2758 medos
809 2708 881 2756 deest
900 2709 926 2756 ln
941 2707 1016 2758 codd.
1033 2709 1123 2757 Dulce.
1141 2717 1167 2756 et
1180 2704 1265 2758 cutm.

178 2776 278 2822 edendos
288 2774 329 2822 alli
342 2787 383 2834 sp.
396 2774 548 2822 Deles-ll
568 2773 631 2822 cod.
646 2773 736 2822 Deles.
746 2775 887 2822 edera—lb
904 2773 964 2820 Vet.
978 2773 1069 2822 Dslee.
1076 2773 1267 2834 proepurnadum.

178 2841 241 2886 -13
258 2837 319 2887 ‘lta
331 2835 433 2899 quidem
452 2837 609 2885 recentiores
621 2837 756 2888 editiones.
790 2837 945 2896 corruptam
964 2836 1045 2885 morbi
1064 2849 1154 2884 nomen
1172 2835 1198 2883 in
1212 2835 1264 2884 Ms.

179 2899 241 2964 Reg.
254 2907 277 2951 1.
287 2902 329 2966 qni
342 2902 418 2950 ltsbet
429 2901 557 2950 itltirlssis.
591 2901 654 2960 Sed,
671 2911 699 2952 ut
714 2900 774 2950 milti
786 2899 900 2960 videtur,
909 2914 941 2946 err
958 2899 1044 2948 Plinio
1058 2899 1205 2959 Valeriano,
1240 2897 1266 2946 ni

178 2968 257 3014 mults
269 2980 284 3014 e
297 2965 382 3015 Plinio
393 2967 531 3028 excerpsit,
541 2966 736 3026 emendandum,
743 2963 896 3028 phthiriasis.
912 2964 955 3012 Sic
966 2964 1032 3012 enlm
1043 2964 1097 3022 ille,
1109 2963 1142 3011 de
1155 2963 1193 3011 Re
1239 2977 1266 3010 s·

178 3026 234 3078 dics
250 3043 291 3078 tv.
309 3035 332 3080 1.
354 3029 469 3079 'Gentes
484 3030 635 3092 pistrinam
647 3045 737 3080 succus
753 3029 810 3090 ejus
827 3027 963 3090 (raphani)
974 3029 1120 3089 sdlribetttr,
1135 3026 1180 3090 qni
1197 3027 1265 3074 solnt

178 3102 265 3156 potest
278 3093 405 3144 tenuitate
417 3094 504 3143 subtili
522 3094 553 3142 ad
566 3095 609 3142 imi
628 3095 742 3157 eorporis
753 3093 901 3142 liniamenta
919 3106 965 3142 eor
980 3099 1125 3156 penetrare.
1150 3090 1264 3153 Egyptii

178 3159 245 3207 euim
257 3173 329 3221 reges
338 3159 430 3222 quibos
442 3167 498 3206 erat
509 3158 622 3208 studium
634 3161 740 3208 serutari
753 3169 863 3220 corpora
874 3164 1043 3215 mortuorum,
1053 3164 1080 3205 et
1092 3169 1183 3204 canses
1196 3155 1265 3210 rele-

178 3223 293 3272 tndiuum
309 3223 411 3273 occultu
421 3221 473 3272 tide
485 3235 679 3284 recognoscere,
691 3226 715 3272 in
729 3223 805 3272 eorde
816 3222 874 3283 ipso
885 3223 956 3270 nasei
968 3220 1092 3284 ejusmodi
1107 3219 1193 3268 sitium
1203 3232 1267 3281 pro·

178 3285 316 3335 didernnt.’
351 3287 514 3347 Pbtbiriasis,
535 3289 558 3334 lu
582 3287 686 3336 Muludie
704 3284 865 3351 perlatam
892 3287 1069 3334 Bustica-ll
1086 3282 1145 3331 Vet.
1170 3282 1265 3332 Doleo.

176 3351 417 3428 diaconatum-15
433 3351 528 3415 biarga
543 3350 602 3401 edd.
616 3352 707 3402 Deice.
725 3360 752 3402 et
770 3351 883 3400 Gronov.
902 3351 1098 3398 desertina-lo
1115 3345 1199 3396 chiffl.
1209 3347 1262 3396 bos·

175 3422 269 3478 man.

664 3493 773 3544 NOTAE

207 3601 217 3635 1
236 3593 269 3640 Et
284 3589 437 3654 tamma]
455 3588 551 3638 Plinius
568 3601 646 3638 xxxi.
658 3592 700 3638 46.
769 3588 922 3652 ¹Pttiats]
938 3589 1042 3638 Lentem
1060 3602 1090 3635 es
1109 3601 1158 3635 vox
1176 3587 1262 3635 tabent

174 3671 199 3715 4.
216 3666 301 3715 ‘Salis
322 3666 378 3712 viee
399 3671 506 3713 utuntur
522 3662 554 3710 ad
572 3665 698 3726 raphanos
737 3675 821 3714 sonat.
857 3665 897 3712 De
918 3665 965 3712 hoc
987 3663 1071 3712 cordis
1085 3661 1147 3710 sitio
1165 3663 1263 3724 egimus

175 3742 244 3790 nitro
256 3741 394 3804 AEgyptio:
412 3739 552 3788 teneriores
562 3754 606 3788 eos
617 3738 697 3790 facit:
737 3754 776 3791 ιι.
791 3745 832 3792 oa.
861 3741 929 3790 Vide
942 3741 1025 3790 Notas
1040 3745 1067 3788 et
1078 3739 1185 3788 Emend.
1197 3750 1266 3785 num.

175 3812 402 3865 oletaviridiors:'
419 3814 698 3876 nbirapbanosnbole·
738 3822 777 3866 lo.

175 3893 253 3946 ribus,
265 3891 312 3939 lroc
325 3897 396 3949 est,a
412 3887 535 3948 brassica,
544 3890 664 3937 secernit·
767 3893 779 3926 ¹²
796 3891 1025 3954 montembarrum]
1040 3889 1104 3938 Rem
1115 3889 1262 3937 nstrutele-

205 3975 216 4000 ¹
236 3967 334 4014 Doridos
349 3981 401 4014 cum
419 3963 479 4027 sule]
496 3963 595 4012 Eadem·
612 3965 643 4012 de
658 3979 696 4012 rs·
737 3975 836 4030 genter,
849 3974 877 4014 ut
889 3967 964 4028 solet,
977 3965 1033 4013 Val.
1049 3965 1120 4013 Max.
1141 3977 1178 4012 tv.
1196 3968 1220 4011 8.
1234 3979 1252 4028 p

175 4033 259 4104 pirano
280 4041 370 4088 Dione.
390 4053 420 4087 tr.
438 4043 494 4087 1³⁷.
506 4036 611 4100 Ἀρμόζει
623 4037 647 4088 tt
659 4039 698 4089 sul
739 4046 796 4090 1118.
839 4040 930 4089 Cicero
950 4041 975 4088 in
996 4041 1112 4089 Catone:
1130 4037 1263 4100 Megaclet

174 4117 223 4165 τοῖς
239 4116 304 4176 ἐμεῖν
321 4112 620 4175 μίλλουσιπροωθωμόνη.
656 4116 699 4164 De
740 4129 851 4180 quoque,
876 4114 909 4162 de
927 4115 996 4162 Viris
1016 4112 1172 4173 illustribus,
1193 4113 1263 4177 apud

174 4191 291 4242 rudicula
312 4189 412 4251 Celsus,
434 4193 463 4238 ut
484 4189 598 4238 dieamus
619 4203 700 4241 rtur.
740 4190 837 4241 Athen.
855 4189 898 4242 lib.
912 4191 1045 4255 rapiti.
1072 4188 1225 4240 Plutarchus
1236 4189 1264 4239 lu

176 4270 215 4317 11.
740 4265 873 4333 Apopbtb.
1174 4261 1178 4270 '
