2990 4860
240 389 327 456 2884
604 403 638 452 ο.
661 389 970 452 rnrnrr'snconur

241 548 433 614 translatum
448 545 513 610 hoc
526 545 648 611 crimen
658 545 692 610 in
703 546 822 611 sorum.
866 545 920 610 Ibi
931 546 1068 630 ituque¹¹
1083 531 1252 623 curentur}
1269 544 1326 608 ubi

241 650 408 714 inventum
424 653 487 710 est.
531 644 654 727 Purget
666 665 831 711 vomerem
847 647 988 711 subinde
1009 647 1163 712 stimulus
1175 645 1331 729 cuspida-

141 783 210 802 --
242 755 297 812 tus
319 746 462 812 rallo.¹⁰'
505 746 674 810 Scamna'
697 747 780 810 inter
801 747 885 810 duos
900 749 1014 810 sulcos
1040 749 1144 811 cruda
1165 766 1209 810 ne
1234 745 1331 808 relin-

167 895 219 932 a
243 851 393 930 quantur,
416 847 523 926 glebae
550 866 592 911 nc
619 847 787 911 exultent.
832 847 924 911 Male
940 855 1065 911 erutor¹
1092 867 1219 923 arvum,
1242 844 1332 928 quod

244 949 326 1011 sctis
340 947 488 1029 frugibus
507 947 691 1013 occandum
708 957 769 1013 eet.
813 949 854 1014 Id
871 948 1025 1012 demumr
1048 955 1134 1013 recte
1156 950 1332 1014 subactum

244 1047 319 1125 erit,
333 1049 390 1112 ubi
419 1068 486 1113 non
508 1049 707 1131 intelligetur
731 1057 804 1115 utro
826 1069 939 1114 vomer
955 1050 1038 1114 ierit.
1082 1049 1123 1114 Iu
1139 1069 1204 1112 usu
1225 1054 1277 1112 est
1298 1053 1331 1112 et

155 1171 165 1186 ·
244 1149 416 1213 collicias¹
432 1151 653 1232 interponere,
669 1151 698 1214 ei
721 1151 767 1215 ita
788 1151 884 1216 locus
898 1158 1028 1234 poscat,
1050 1151 1210 1234 ampliore
1226 1148 1332 1223 sulco,

246 1269 322 1331 qnae
333 1250 366 1312 in
380 1251 489 1314 fossas
501 1270 623 1332 aquam
636 1250 816 1315 educant.¹¹

287 1349 390 1434 (xx.)
412 1349 572 1416 Arationc
587 1371 648 1434 per
662 1359 884 1444 transversum
898 1355 1050 1429 iteruin,⁸
1072 1352 1205 1416 occatio
1221 1350 1332 1434 sequi·

702 1543 880 1566 Obmdm

246 1667 279 1712 lo
295 1661 339 1711 lte
349 1659 426 1710 codd.
444 1658 582 1720 llerdnini‚
593 1659 681 1708 Delec.
699 1658 782 1708 chiffl.
796 1665 823 1709 ct
833 1658 947 1709 Turneb.
959 1673 1016 1710 cum
1028 1658 1089 1710 edd.
1100 1656 1227 1708 lietduin.
1241 1662 1264 1707 l.
1275 1662 1299 1707 8.
1311 1661 1334 1708 1.

246 1727 343 1776 Miller.
354 1726 460 1802 Bipont.
470 1731 498 1800 et
511 1724 599 1774 Franz.
612 1725 682 1798 'relic
694 1723 807 1774 Gronov.
817 1732 845 1800 et
857 1725 889 1773 el.
901 1730 963 1774 vett
985 1725 1046 1773 mua
1062 1725 1095 1772 cl.
1111 1737 1153 1787 up.
1167 1723 1259 1771 Delec.
1292 1722 1335 1771 lte

246 1785 1335 1917 littltl'iltrtttll:titulatarum:‚let'iultltrtli

739 1993 846 2046 NOTAE

248 2109 366 2166 tert,niei
378 2115 432 2159 toto
444 2122 551 2172 corpore
563 2108 693 2158 incumbet
701 2105 772 2158 lebo-
813 2112 915 2158 reteree
926 2106 1034 2157 Remcni
1044 2106 1165 2156 dixerunt
1174 2107 1238 2156 mele
1247 2107 1337 2158 eubec-

246 2185 286 2235 ri:
304 2185 372 2236 unde
391 2185 538 2248 etVlrgllio
552 2183 637 2234 dictur
654 2185 773 2234 ‘Currne
813 2187 966 2244 tnmngrurn
977 2182 1021 2245 qul
1039 2182 1102 2232 cetis
1118 2177 1233 2246 frugib'm
1246 2195 1337 2232 occen-

246 2260 349 2310 eretor.'
382 2260 502 2309 Ceterum
520 2259 689 2323 praeruriceri
702 2267 774 2309 erte
814 2255 922 2306 dueeit'

246 2341 320 2384 recto
341 2335 411 2385 eulcc
431 2334 570 2384 divertere.
603 2333 679 2383 Unde
701 2341 728 2382 et
746 2333 772 2382 in
845 2329 1016 2393 riom]
1033 2331 1246 2382 Colum.loc.clt.
1258 2332 1338 2382 ‘Pin-

247 2409 331 2458 cunelr
340 2409 507 2473 prevaricari
516 2410 646 2472 dicuntur,
658 2407 702 2472 qni
714 2421 773 2458 cen·
813 2421 876 2471 aree
887 2408 972 2470 cempl
983 2414 1035 2456 tem
1053 2405 1230 2472 frequentibus
1240 2407 1339 2457 denrir-

247 2497 300 2534 cern
323 2483 449 2533 diversum
473 2485 605 2546 adjuvent.
643 2483 775 2534 Videlicet
814 2495 863 2546 que
874 2482 953 2531 culcie
965 2481 1053 2530 erendl
1064 2489 1133 2545 runt,
1143 2487 1172 2531 ut
1182 2483 1226 2531 rix
1237 2481 1338 2546 dignor-

246 2559 297 2609 lroc
313 2565 353 2607 eet
364 2558 425 2607 illud
437 2558 504 2622 quod
517 2559 554 2607 ult
565 2558 675 2620 Pliniue,
690 2559 774 2628 ‘Inde
814 2565 886 2607 cetur
902 2557 929 2606 in
948 2565 1030 2606 utrum
1048 2565 1146 2620 portem
1163 2571 1252 2608 vomer
1268 2565 1340 2608 ectus

249 2635 400 2684 trunrletum
411 2633 460 2682 lroc
472 2633 569 2683 crimen
580 2635 606 2683 lu
618 2633 717 2683 forum!
815 2632 866 2682 eit=
884 2632 1003 2696 quonium
1020 2633 1058 2682 cic
1074 2647 1162 2683 umnec
1175 2633 1273 2685 redlcer
1284 2633 1341 2684 lter·

245 2713 248 2720 '
279 2715 291 2740 ¹
308 2708 774 2772 micaque11negro,unrtemtornn
815 2705 904 2754 berum
916 2707 1202 2770 perruptonecenturss

248 2783 515 2846 trenelutepnroemie.
846 2781 907 2830 'Et
928 2781 1044 2845 ecdiciae]
1075 2782 1106 2830 ln
1135 2781 1203 2845 agric
1231 2783 1340 2832 collicire

280 2865 291 2889 '
310 2859 452 2922 (turpidutine
471 2854 543 2922 rullo]
561 2858 619 2910 Hoc
638 2865 689 2923 ert,
709 2861 775 2912 rullo
815 2866 875 2909 eunt
895 2860 962 2909 rulci
983 2859 1129 2923 amplioree,
1144 2861 1188 2924 qni
1208 2866 1237 2910 et
1252 2875 1340 2924 perce

248 2931 774 2993 prretixuedietenternrellumlerremen·
815 2933 891 2996 dieti,
911 2949 1041 2999 perquer
1060 2947 1149 2998 equum
1168 2934 1340 2986 delibrebent.

247 3013 303 3055 tum
315 3021 366 3071 qno
378 3006 477 3056 reditur
488 3021 583 3063 vomer,
595 3015 622 3057 et
632 3009 774 3060 inherente
815 3011 846 3060 ln
866 3010 973 3059 nrblbue
997 3003 1115 3073 conicio,
1137 3011 1192 3059 rire
1213 3010 1341 3073 comicie,

248 3087 320 3130 terre
339 3080 474 3144 liberetur,
492 3089 571 3146 etque
592 3090 725 3147 purgetur,
745 3093 775 3135 ut
814 3084 869 3132 rire
893 3083 1030 3148 colliquioe,
1050 3083 1203 3135 dicebentnr
1221 3087 1283 3135 olim
1299 3099 1341 3135 ce·

246 3155 381 3205 Turnebur
393 3155 642 3214 admonetlldrerr.
653 3171 734 3207 xxrr.
750 3162 773 3208 1.
813 3159 896 3220 nelee,
908 3161 952 3222 qui
970 3173 1062 3223 eqnem
1079 3172 1096 3209 e
1111 3159 1243 3214 etillicidic
1259 3157 1340 3209 deflu-

249 3233 347 3290 uttolt.
814 3242 900 3283 entem
910 3234 1086 3297 excipiebant.
1119 3235 1262 3284 Columella
1274 3249 1305 3285 rr.
1317 3240 1342 3285 ⁸.

280 3309 297 3334 '¹
319 3303 433 3366 mmm]
458 3303 588 3368 Agricola
607 3319 710 3356 ecemne
729 3321 774 3370 ep·
814 3309 981 3365 ‘cambitum
1001 3317 1031 3358 ut
1050 3314 1171 3373 patentes
1190 3310 1262 3373 llree,
1284 3325 1341 3378 cre·

248 3375 501 3441 pelleutgrendioree
512 3380 679 3446 glebamque
690 3383 774 3433 colent
814 3382 926 3446 broeqnc
945 3384 1030 3432 culcoe
1049 3385 1176 3448 equulos,
1198 3398 1261 3449 quoe
1278 3400 1341 3436 non·

151 3461 155 3464 ·
248 3453 357 3503 excitari
369 3456 450 3518 prime
468 3457 594 3511 erutione,
609 3471 665 3506 cnm
678 3457 703 3506 in
716 3472 773 3520 pro·
814 3459 877 3509 nulli
888 3460 965 3508 elieee
982 3467 1086 3522 vocent,
1098 3458 1232 3523 faciemus,
1249 3467 1278 3511 et
1288 3477 1340 3511 cm·

248 3529 327 3581 eciem
335 3530 442 3580 crudum
451 3532 533 3581 colum
543 3533 725 3597 immotumque
734 3547 773 3582 re-
814 3548 873 3584 nem
894 3534 1024 3582 humorem
1047 3535 1072 3583 in
1094 3535 1238 3598 colliqniee‚
1261 3543 1340 3602 utque

246 3601 385 3666 linquitur:
403 3605 625 3668 quodcevendurn
640 3621 775 3672 ereeprc-
813 3613 874 3662 inde
885 3619 959 3662 extre
970 3620 1069 3676 tegerer
1083 3613 1244 3664 derivemus:
1278 3616 1340 3666 Fes-

248 3676 313 3739 cipit
324 3678 367 3726 lex
376 3681 557 3731 rueticetionie.
580 3683 639 3732 Huc
651 3696 714 3732 voce
725 3683 774 3732 utl-
815 3695 872 3738 tur:
890 3690 898 3717 ‘
910 3688 1004 3753 Elicee,
1023 3688 1086 3738 rnlci
1099 3690 1206 3754 equorii,
1218 3705 1266 3755 per
1278 3707 1339 3758 quor

248 3757 292 3802 tur
304 3753 445 3802 Columellr
457 3769 488 3804 rr.
499 3760 523 3804 2.
534 3770 595 3820 peg-
604 3761 645 3806 44.
657 3765 686 3806 nt
697 3759 774 3821 pente
815 3779 880 3829 eque
890 3764 1001 3813 collecte
1012 3763 1132 3813 educitur
1143 3781 1157 3814 e
1168 3766 1242 3816 lirin!
1258 3767 1339 3818 Simili

248 3837 308 3879 unte
320 3833 464 3893 retulimue,
475 3841 502 3883 et
514 3834 575 3883 elibl
586 3836 689 3899 purim.
813 3838 897 3889 forme
909 3847 935 3889 et
947 3839 1068 3889 ‘inlices'
1086 3840 1150 3891 dicti
1162 3843 1275 3899 cenula,
1293 3845 1302 3873 ⁴
1314 3845 1340 3894 iu

280 3911 293 3937 ¹
310 3905 772 3974 muemcr1001um.1r.r.p.re.
814 3929 877 3980 quoe
901 3929 968 3979 eque
991 3913 1097 3966 confluit
1123 3916 1148 3966 ic
1175 3919 1224 3966 vlir
1252 3919 1340 3983 lepide

247 3979 315 4028 ‘Sed
328 3987 355 4030 et
364 3981 538 4046 compluribus
549 3983 724 4034 iterationibue
735 3986 773 4036 ric
812 3991 907 4051 etretle,
918 3993 950 4039 ab
962 3990 1089 4040 eliciendo
1100 3991 1183 4057 dieti:
1199 4005 1232 4042 ex
1246 3995 1338 4045 eodem

248 4056 392 4105 remtverm
403 4064 550 4108 vervactum
562 4058 588 4107 in
597 4060 774 4123 pulverent,nt
812 4065 899 4115 Ferte.

212 4144 215 4149 ·
248 4129 289 4176 vel
303 4131 454 4192 nullumve!
466 4133 584 4196 exignum
592 4133 720 4185 derideret
729 4149 772 4185 oc·
844 4147 857 4174 ⁸
873 4141 988 4191 Ararim
997 4175 1003 4191 .
1013 4175 1019 4188 .
1029 4176 1036 4190 .
1046 4177 1052 4192 .
1062 4141 1163 4205 dunin]
1186 4151 1193 4174 ¹
1206 4142 1339 4209 Ollricgi'

248 4203 386 4271 cerionem,
396 4220 454 4258 curn
465 4209 682 4262 seminererirnue·
703 4212 771 4263 Nem
811 4223 896 4265 entem
908 4216 916 4242 ‘
926 4223 997 4266 terre
1007 4215 1120 4281 dicitnr:
1131 4223 1236 4269 anctore
1249 4219 1337 4285 Ferte,
