2990 4860
417 413 506 463 sar.
528 413 628 464 nisu.
652 412 725 464 use.
750 414 862 466 xvnr.
883 402 938 466 67.
1133 401 1220 466 2919

128 552 271 620 oceidit:
295 550 408 620 ltaliae
433 562 544 633 sexto,
571 561 605 620 et
629 563 751 640 quarto
773 557 858 622 Idus
879 557 1070 640 Delphinus
1084 559 1218 640 vesperi

127 657 294 720 exoritur:
316 656 596 739 septimodecimo
606 666 632 696 ¹²
655 657 831 723 Kalendas
843 658 926 724 Julii
935 659 1068 742 gladius
1084 657 1219 722 Orionis

128 758 238 833 oritur,
254 757 347 841 quod
367 758 519 840 AEgypto
542 765 622 842 post
641 759 889 841 quatriduum.¹³
915 776 999 824 vrri.
1043 758 1218 825 Kalendas

125 859 149 922 J
152 859 211 922 ulii
226 878 303 922 vero
319 859 534 941 longissimus
549 859 622 924 dies
636 867 663 908 ¹4
677 861 779 924 lolius
794 862 881 938 anni,
897 869 933 925 et
943 882 1010 926 nox
1024 860 1219 926 brevissima

126 959 307 1024 solstitium
323 960 516 1024 conficiunt.

169 1062 212 1126 Iu
227 1061 290 1126 boe
306 1064 463 1144 temporis
479 1062 654 1126 intervallo
669 1063 776 1128 vinam
798 1065 1044 1147 pompinentur,
1068 1069 1216 1128 curator-

125 1182 191 1248 que
207 1169 245 1227 ut
260 1163 359 1226 vinea
373 1173 470 1228 vetus
485 1163 590 1227 semol
605 1162 698 1226 losse
711 1164 768 1250 sit,
784 1163 837 1227 bis
853 1164 996 1229 novelle.
1040 1164 1131 1226 Oves
1145 1170 1218 1227 ton·

124 1264 266 1330 dentur:
295 1265 444 1349 lupinum
467 1263 672 1329 stercorandi
697 1283 803 1328 causa
822 1265 994 1330 vertitur:
1024 1269 1109 1328 term
1137 1283 1216 1346 pro·

126 1367 310 1432 scinditur:
324 1367 455 1432 vieiaiu
470 1365 631 1450 pabulum
641 1371 789 1430 secatur:
805 1366 885 1430 subs
898 1364 1040 1442 metitur,
1051 1365 1128 1428 dein
1140 1383 1218 1428 oon·

127 1468 275 1532 outitnrr'

167 1573 345 1649 (xxvrn.)
366 1569 468 1633 Prata
491 1569 582 1633 cirea
597 1567 741 1632 Kalend.
762 1567 856 1632 lunii
871 1567 1057 1643 ereduntur,
1070 1584 1214 1650 quorum

124 1669 285 1735 facillima
299 1670 453 1751 agricolis
468 1687 547 1734 eura
560 1687 600 1732 ao
616 1668 743 1732 minimi
755 1668 928 1750 impendii,
943 1669 1015 1733 baec
1026 1667 1067 1732 de
1083 1687 1120 1731 se
1134 1687 1215 1750 pos-

124 1771 212 1836 tulet
225 1768 304 1835 diei.
349 1770 505 1853 Relinqui
518 1769 662 1834 debent?
683 1772 716 1834 in
738 1771 817 1834 laeto
832 1769 907 1834 solo
923 1770 975 1834 vel
990 1769 1136 1846 humido,
1161 1768 1216 1832 vel

123 1873 231 1954 riguo,
244 1891 352 1956 eaque
365 1891 454 1956 equa
467 1872 586 1955 pluvia
600 1872 697 1953 rigari
710 1873 766 1936 via
781 1871 954 1954 publiea.¹⁵
990 1869 1223 1936 Utilissimum¹

124 1974 224 2038 simul
239 1981 273 2037 et
285 1973 397 2038 herbae
412 1992 517 2049 arare,
542 1972 662 2036 deinde
678 1973 807 2048 oratire,
832 1990 940 2035 serere
963 1971 1075 2035 florem
1091 1989 1136 2033 ox
1151 1971 1214 2034 soe·

123 2074 261 2151 nilibus,
269 2080 368 2158 atque
380 2094 422 2139 ex
433 2073 641 2156 praesepibus
652 2073 742 2137 ioeno
755 2072 922 2156 dilapsum
933 2069 1214 2154 spergereprius-

123 2195 224 2260 quam
237 2175 433 2239 oratiantur.
477 2175 553 2240 Nec
571 2174 678 2259 primo
693 2193 779 2238 anno
795 2173 904 2255 rigori,
917 2192 980 2236 neo
1002 2171 1100 2256 pasci
1114 2176 1214 2233 anteq

121 2274 272 2342 secunda
283 2276 470 2354 faenisecis,
484 2296 525 2340 ne
541 2275 652 2340 berbte
664 2274 838 2351 velluntur,
854 2275 1045 2356 obtrituque
1059 2271 1214 2336 hebeten-

119 2665 203 2708 0ctsm
214 2659 272 2708 ldss
296 2659 410 2710 Gronov.
422 2661 455 2710 sl.
467 2670 531 2711 vett.
544 2661 670 2710 llsrdnin.
683 2665 706 2710 1.
718 2666 742 2710 ².
752 2665 777 2710 a.
789 2666 816 2710 et
828 2661 1002 2708 recente-12
1018 2655 1133 2705 Gronov.
1144 2653 1213 2704 Har-

120 2725 193 2772 dulu.
218 2733 247 2772 et
268 2725 301 2774 sl.
321 2726 581 2789 decimoseptimo-lt
605 2727 654 2775 ‘In
673 2726 777 2789 seriptis
800 2723 928 2796 editisque
950 2721 1024 2795 libris¹
1037 2720 1080 2796 bie
1097 2719 1212 2780 additur,

118 2789 241 2836 sedecimo
251 2788 383 2850 Kalendas,
399 2790 501 2851 duellem
520 2790 619 2839 Orionis
633 2791 729 2851 gladius
748 2789 840 2837 Coemri
859 2788 961 2835 scudem
977 2785 1069 2846 inerptt.
1101 2782 1138 2833 At
1150 2785 1213 2856 ‘bure

118 2851 301 2926 expungenda.
334 2854 401 2903 Sunt
417 2855 485 2904 enirn
502 2855 558 2904 loeo
569 2869 620 2930 ‘suo
636 2854 749 2911 dlmots;
765 2852 938 2928 stupertinent·
953 2849 985 2924 sd
1003 2850 1114 2959 capu.
1130 2847 1213 2896 drem-

119 2931 170 2980 que
183 2924 297 3000 gutulum
307 2926 367 2967 sote
376 2918 438 2994 Idtrs
452 2917 614 2994 Novembris.
648 2917 724 2996 Quod
735 2916 836 2966 erudito
844 2917 963 3026 ΙΡεθῑινιιαῗ1
961 2927 1016 3025 {zm
1008 2911 1213 3024 coeuaezsceaee

116 2981 1211 3152 suusuemsmtmsmd

118 3108 1215 3238 ilettlalttslisltitt,„i⁰btttlib‘sztlltslimblts

611 3364 718 3418 NOTAE

148 3488 162 3512 ⁰
179 3478 246 3528 Deis
260 3477 403 3542 mestilsr]
428 3477 496 3529 Vide
514 3478 597 3528 Notas
617 3484 645 3528 et
685 3477 787 3541 quoties
803 3475 884 3525 herbe
900 3471 1058 3539 prosiluerit,
1078 3471 1213 3523 desecare.

117 3553 228 3604 Emeud.
236 3567 303 3604 num.
314 3558 356 3602 88.
686 3553 753 3602 Nam
766 3550 879 3615 pecudes
898 3549 968 3598 molli
978 3549 1032 3597 solo
1044 3545 1154 3610 infigunt
1165 3559 1212 3594 uu·

148 3628 293 3692 ’Relinque‘
310 3629 406 3695 debent]
425 3629 456 3680 In
475 3628 561 3679 berbss
572 3628 644 3678 fani·
685 3629 766 3691 gulas,
781 3635 861 3690 utque
878 3626 1036 3686 interruptus
1056 3637 1106 3671 nou
1124 3623 1212 3671 sinunt

116 3719 170 3770 que
189 3713 342 3768 proventum
369 3704 505 3754 summitti.
537 3705 645 3754 Tractat
684 3700 820 3751 herbarum
830 3700 928 3750 rsdiees
939 3697 1212 3764 serpere,etoondeu·

114 3784 174 3832 bne
185 3781 418 3830 etismcolnmrlln
429 3794 461 3831 rr.
473 3784 512 3831 1⁷.
530 3794 590 3843 pag.
602 3783 644 3829 74.
685 3793 750 3828 ssre.
783 3777 874 3828 Altero
905 3783 991 3825 tamen
1023 3787 1090 3822 snuo
1111 3772 1212 3820 minora

116 3857 251 3907 Palladius
264 3857 290 3903 in
302 3856 459 3917 Septembri,
471 3858 511 3904 tit.
523 3860 563 3904 lo.
684 3869 778 3918 pecora
799 3863 857 3918 post
874 3851 1007 3902 imnisecls
1033 3849 1210 3914 permittemus

148 3941 161 3976 l
176 3932 299 3995 Ntepssci
309 3930 377 3992 sule]
391 3931 446 3980 Neu
456 3931 558 3980 immitti
571 3946 645 3995 peco-
684 3930 786 3980 admitti
798 3962 805 3979 .
817 3962 825 3978 .
836 3965 844 3979 .
856 3964 864 3979 .
874 3929 963 3978 Tertio
972 3925 1076 3990 deinde,
1084 3939 1141 3974 cum
1153 3937 1211 3985 prs·

116 4025 143 4060 rs
158 4010 208 4058 uisi
228 4017 287 4071 post
306 4005 438 4056 ioeuiseuis
453 4007 512 4056 anni
530 4007 644 4056 secundi.
685 4015 739 4057 tum
751 4006 857 4056 solidius
879 4019 910 4054 se
929 4004 1016 4052 durius
1035 4003 1096 4063 orit,
1112 3999 1212 4063 poterit

115 4085 259 4136 Columella
270 4095 302 4131 rr.
315 4086 354 4131 ts.
366 4096 424 4145 pag.
435 4085 477 4130 76.
509 4082 644 4146 ‘Nempe-
684 4084 764 4132 etiam
794 4081 903 4144 majores
932 4078 1049 4142 recipere
1078 4070 1211 4138 pecudes,'

115 4159 289 4226 sorsquidem
303 4165 407 4220 oportet
418 4157 513 4206 teneris
524 4155 607 4206 sdlrue
616 4164 645 4206 et
683 4162 733 4211 stc.
1080 4153 1083 4160 “

117 4234 310 4304 subsidentibus
329 4234 408 4296 prstis
425 4234 579 4282 immittere:
597 4233 644 4284 sed
