<?xml version="1.0" encoding="UTF-8"?>
<!DOCTYPE html PUBLIC "-//W3C//DTD XHTML 1.0 Transitional//EN"
    "http://www.w3.org/TR/xhtml1/DTD/xhtml1-transitional.dtd">
<html xmlns="http://www.w3.org/1999/xhtml" xml:lang="en" lang="en">
 <head>
  <title>
</title>
<meta http-equiv="Content-Type" content="text/html;charset=utf-8" />
  <meta name='ocr-system' content='tesseract 3.04.00' />
  <meta name='ocr-capabilities' content='ocr_page ocr_carea ocr_par ocr_line ocrx_word'/>
</head>
<body>
  <div class='ocr_page' id='page_1' title='image "./cpliniisecundin00brotgoog_0263.png"; bbox 0 0 3048 4864; ppageno 0'>
   <div class='ocr_carea' id='block_1_1' title="bbox 252 385 985 452">
    <p class='ocr_par' dir='ltr' id='par_1_1' title="bbox 252 385 985 452">
     <span class='ocr_line' id='line_1_1' title="bbox 252 385 985 452; baseline -0.008 0"><span class='ocrx_word' id='word_1_1' title='bbox 252 385 340 452; x_wconf 72' lang='grc'>8046</span> <span class='ocrx_word' id='word_1_2' title='bbox 618 401 649 450; x_wconf 90' lang='lat' dir='ltr'>u.</span> <span class='ocrx_word' id='word_1_3' title='bbox 672 398 793 448; x_wconf 81' lang='lat' dir='ltr'>rnrrur</span> <span class='ocrx_word' id='word_1_4' title='bbox 819 397 985 448; x_wconf 82' lang='lat' dir='ltr'>suouaur</span> 
     </span>
    </p>
   </div>
   <div class='ocr_carea' id='block_1_2' title="bbox 254 537 1348 2138">
    <p class='ocr_par' dir='ltr' id='par_1_2' title="bbox 254 537 1346 1717">
     <span class='ocr_line' id='line_1_2' title="bbox 254 537 1343 624; baseline -0.001 -17"><span class='ocrx_word' id='word_1_5' title='bbox 254 549 476 607; x_wconf 78' lang='lat' dir='ltr'>maturescere</span> <span class='ocrx_word' id='word_1_6' title='bbox 499 539 541 604; x_wconf 87' lang='lat' dir='ltr'>ad</span> <span class='ocrx_word' id='word_1_7' title='bbox 556 537 634 618; x_wconf 91' lang='lat' dir='ltr'>ver,¹</span> <span class='ocrx_word' id='word_1_8' title='bbox 656 539 870 623; x_wconf 80' lang='lat' dir='ltr'><strong>incendique:</strong></span> <span class='ocrx_word' id='word_1_9' title='bbox 894 559 935 605; x_wconf 88' lang='lat' dir='ltr'>ac</span> <span class='ocrx_word' id='word_1_10' title='bbox 956 558 1080 619; x_wconf 85' lang='lat' dir='ltr'>rursus,</span> <span class='ocrx_word' id='word_1_11' title='bbox 1106 559 1182 605; x_wconf 89' lang='lat' dir='ltr'>curu</span> <span class='ocrx_word' id='word_1_12' title='bbox 1197 557 1343 624; x_wconf 85' lang='lat' dir='ltr'>apparu·</span> 
     </span>
     <span class='ocr_line' id='line_1_3' title="bbox 254 639 1341 725; baseline -0.001 -18"><span class='ocrx_word' id='word_1_13' title='bbox 254 643 317 707; x_wconf 85' lang='lat' dir='ltr'>crit</span> <span class='ocrx_word' id='word_1_14' title='bbox 327 660 522 725; x_wconf 73' lang='lat' dir='ltr'>asparagus,</span> <span class='ocrx_word' id='word_1_15' title='bbox 533 641 643 706; x_wconf 85' lang='lat' dir='ltr'>sarriri</span> <span class='ocrx_word' id='word_1_16' title='bbox 656 661 697 705; x_wconf 87' lang='lat' dir='ltr'>ac</span> <span class='ocrx_word' id='word_1_17' title='bbox 708 642 892 706; x_wconf 68' lang='lat' dir='ltr'>stercorari.</span> <span class='ocrx_word' id='word_1_18' title='bbox 936 639 990 705; x_wconf 85' lang='lat' dir='ltr'>Ac</span> <span class='ocrx_word' id='word_1_19' title='bbox 1002 647 1080 723; x_wconf 90' lang='lat' dir='ltr'>post</span> <span class='ocrx_word' id='word_1_20' title='bbox 1089 659 1194 705; x_wconf 89' lang='lat' dir='ltr'>anuos</span> <span class='ocrx_word' id='word_1_21' title='bbox 1208 660 1341 717; x_wconf 86' lang='lat' dir='ltr'>norem,</span> 
     </span>
     <span class='ocr_line' id='line_1_4' title="bbox 254 742 1342 826; baseline 0 -19"><span class='ocrx_word' id='word_1_22' title='bbox 254 762 331 808; x_wconf 89' lang='lat' dir='ltr'>curn</span> <span class='ocrx_word' id='word_1_23' title='bbox 340 743 412 826; x_wconf 87' lang='lat' dir='ltr'>jam</span> <span class='ocrx_word' id='word_1_24' title='bbox 422 750 518 805; x_wconf 89' lang='lat' dir='ltr'>vetus</span> <span class='ocrx_word' id='word_1_25' title='bbox 529 743 583 821; x_wconf 89' lang='lat' dir='ltr'>sit,</span> <span class='ocrx_word' id='word_1_26' title='bbox 596 742 700 824; x_wconf 86' lang='lat' dir='ltr'>digeri</span> <span class='ocrx_word' id='word_1_27' title='bbox 715 743 856 806; x_wconf 87' lang='lat' dir='ltr'>subacto</span> <span class='ocrx_word' id='word_1_28' title='bbox 873 742 947 806; x_wconf 88' lang='lat' dir='ltr'>solo</span> <span class='ocrx_word' id='word_1_29' title='bbox 963 748 1223 826; x_wconf 84' lang='lat' dir='ltr'>stercoratoque.</span> <span class='ocrx_word' id='word_1_30' title='bbox 1252 743 1342 807; x_wconf 84' lang='lat' dir='ltr'>Tura</span> 
     </span>
     <span class='ocr_line' id='line_1_5' title="bbox 256 842 1343 927; baseline -0.004 -17"><span class='ocrx_word' id='word_1_31' title='bbox 256 843 437 927; x_wconf 76' lang='lat' dir='ltr'>spongiism</span> <span class='ocrx_word' id='word_1_32' title='bbox 458 844 536 921; x_wconf 86' lang='lat' dir='ltr'>seri,</span> <span class='ocrx_word' id='word_1_33' title='bbox 566 843 768 926; x_wconf 84' lang='lat' dir='ltr'>singulomm</span> <span class='ocrx_word' id='word_1_34' title='bbox 798 844 921 926; x_wconf 91' lang='lat' dir='ltr'>pedum</span> <span class='ocrx_word' id='word_1_35' title='bbox 946 842 1133 907; x_wconf 84' lang='lat' dir='ltr'>interuallo.</span> <span class='ocrx_word' id='word_1_36' title='bbox 1186 843 1278 921; x_wconf 81' lang='lat' dir='ltr'>Quin</span> <span class='ocrx_word' id='word_1_37' title='bbox 1307 853 1343 907; x_wconf 91' lang='lat' dir='ltr'>et</span> 
     </span>
     <span class='ocr_line' id='line_1_6' title="bbox 256 943 1344 1026; baseline -0.001 -17"><span class='ocrx_word' id='word_1_38' title='bbox 256 945 358 1009; x_wconf 84' lang='lat' dir='ltr'>ovillo</span> <span class='ocrx_word' id='word_1_39' title='bbox 384 945 460 1009; x_wconf 86' lang='lat' dir='ltr'>tirno</span> <span class='ocrx_word' id='word_1_40' title='bbox 485 944 678 1009; x_wconf 88' lang='lat' dir='ltr'>nominatim</span> <span class='ocrx_word' id='word_1_41' title='bbox 703 945 762 1020; x_wconf 90' lang='lat' dir='ltr'>oti,</span> <span class='ocrx_word' id='word_1_42' title='bbox 786 945 942 1026; x_wconf 86' lang='lat' dir='ltr'>quoniam</span> <span class='ocrx_word' id='word_1_43' title='bbox 968 943 1059 1008; x_wconf 84' lang='lat' dir='ltr'>aliud</span> <span class='ocrx_word' id='word_1_44' title='bbox 1085 944 1205 1008; x_wconf 86' lang='lat' dir='ltr'>herbas</span> <span class='ocrx_word' id='word_1_45' title='bbox 1230 943 1344 1008; x_wconf 81' lang='lat' dir='ltr'>creet.⁶</span> 
     </span>
     <span class='ocr_line' id='line_1_7' title="bbox 257 1045 1343 1129; baseline -0.001 -19"><span class='ocrx_word' id='word_1_46' title='bbox 257 1045 332 1110; x_wconf 86' lang='lat' dir='ltr'>Noc</span> <span class='ocrx_word' id='word_1_47' title='bbox 346 1047 522 1129; x_wconf 85' lang='lat' dir='ltr'>quicquam</span> <span class='ocrx_word' id='word_1_48' title='bbox 538 1052 657 1128; x_wconf 86' lang='lat' dir='ltr'>postea</span> <span class='ocrx_word' id='word_1_49' title='bbox 672 1052 835 1109; x_wconf 86' lang='lat' dir='ltr'>tentatum</span> <span class='ocrx_word' id='word_1_50' title='bbox 849 1047 964 1108; x_wconf 91' lang='lat' dir='ltr'>utilius</span> <span class='ocrx_word' id='word_1_51' title='bbox 989 1047 1157 1128; x_wconf 87' lang='lat' dir='ltr'>apparuit,</span> <span class='ocrx_word' id='word_1_52' title='bbox 1173 1045 1235 1108; x_wconf 87' lang='lat' dir='ltr'>uisi</span> <span class='ocrx_word' id='word_1_53' title='bbox 1252 1045 1343 1128; x_wconf 86' lang='lat' dir='ltr'>quod</span> 
     </span>
     <span class='ocr_line' id='line_1_8' title="bbox 255 1146 1344 1229; baseline -0.002 -17"><span class='ocrx_word' id='word_1_54' title='bbox 255 1147 346 1212; x_wconf 86' lang='lat' dir='ltr'>circa</span> <span class='ocrx_word' id='word_1_55' title='bbox 369 1147 476 1211; x_wconf 75' lang='lat' dir='ltr'>Idusn</span> <span class='ocrx_word' id='word_1_56' title='bbox 501 1146 671 1212; x_wconf 83' lang='lat' dir='ltr'>Februarii</span> <span class='ocrx_word' id='word_1_57' title='bbox 687 1146 827 1210; x_wconf 85' lang='lat' dir='ltr'>defosso</span> <span class='ocrx_word' id='word_1_58' title='bbox 850 1147 975 1210; x_wconf 85' lang='lat' dir='ltr'>semine</span> <span class='ocrx_word' id='word_1_59' title='bbox 997 1147 1178 1211; x_wconf 84' lang='lat' dir='ltr'>acervatim</span> <span class='ocrx_word' id='word_1_60' title='bbox 1199 1147 1344 1229; x_wconf 84' lang='lat' dir='ltr'>parvulis</span> 
     </span>
     <span class='ocr_line' id='line_1_9' title="bbox 256 1246 1344 1330; baseline -0.001 -18"><span class='ocrx_word' id='word_1_61' title='bbox 256 1249 429 1312; x_wconf 79' lang='lat' dir='ltr'>scrobibus</span> <span class='ocrx_word' id='word_1_62' title='bbox 444 1254 568 1325; x_wconf 87' lang='lat' dir='ltr'>serunt,</span> <span class='ocrx_word' id='word_1_63' title='bbox 579 1246 786 1330; x_wconf 89' lang='lat' dir='ltr'>plurimum⁷</span> <span class='ocrx_word' id='word_1_64' title='bbox 808 1253 1008 1311; x_wconf 83' lang='lat' dir='ltr'>maceratum</span> <span class='ocrx_word' id='word_1_65' title='bbox 1022 1246 1111 1310; x_wconf 83' lang='lat' dir='ltr'>limo.</span> <span class='ocrx_word' id='word_1_66' title='bbox 1146 1247 1233 1311; x_wconf 86' lang='lat' dir='ltr'>Dein</span> <span class='ocrx_word' id='word_1_67' title='bbox 1248 1249 1344 1314; x_wconf 82' lang='lat' dir='ltr'>nexis</span> 
     </span>
     <span class='ocr_line' id='line_1_10' title="bbox 255 1347 1345 1431; baseline -0.001 -18"><span class='ocrx_word' id='word_1_68' title='bbox 255 1351 340 1414; x_wconf 90' lang='lat' dir='ltr'>inter</span> <span class='ocrx_word' id='word_1_69' title='bbox 363 1369 401 1414; x_wconf 89' lang='lat' dir='ltr'>se</span> <span class='ocrx_word' id='word_1_70' title='bbox 423 1350 593 1414; x_wconf 82' lang='lat' dir='ltr'>radicibus</span> <span class='ocrx_word' id='word_1_71' title='bbox 617 1349 774 1430; x_wconf 79' lang='lat' dir='ltr'>spongias</span> <span class='ocrx_word' id='word_1_72' title='bbox 797 1347 906 1412; x_wconf 86' lang='lat' dir='ltr'>factas</span> <span class='ocrx_word' id='word_1_73' title='bbox 924 1356 1007 1431; x_wconf 89' lang='lat' dir='ltr'>post</span> <span class='ocrx_word' id='word_1_74' title='bbox 1030 1348 1262 1429; x_wconf 79' lang='lat' dir='ltr'>mquiuoctium</span> <span class='ocrx_word' id='word_1_75' title='bbox 1287 1367 1345 1412; x_wconf 86' lang='lat' dir='ltr'>au·</span> 
     </span>
     <span class='ocr_line' id='line_1_11' title="bbox 255 1448 1345 1534; baseline -0.002 -20"><span class='ocrx_word' id='word_1_76' title='bbox 255 1452 362 1514; x_wconf 88' lang='lat' dir='ltr'>tumui</span> <span class='ocrx_word' id='word_1_77' title='bbox 376 1451 557 1534; x_wconf 88' lang='lat' dir='ltr'>disponunt</span> <span class='ocrx_word' id='word_1_78' title='bbox 583 1450 758 1533; x_wconf 87' lang='lat' dir='ltr'>pedalibus</span> <span class='ocrx_word' id='word_1_79' title='bbox 784 1450 976 1526; x_wconf 85' lang='lat' dir='ltr'>intervallis,</span> <span class='ocrx_word' id='word_1_80' title='bbox 999 1448 1169 1513; x_wconf 76' lang='lat' dir='ltr'>fertilitate</span> <span class='ocrx_word' id='word_1_81' title='bbox 1189 1450 1223 1512; x_wconf 93' lang='lat' dir='ltr'>in</span> <span class='ocrx_word' id='word_1_82' title='bbox 1238 1448 1345 1513; x_wconf 90' lang='lat' dir='ltr'>denos</span> 
     </span>
     <span class='ocr_line' id='line_1_12' title="bbox 257 1549 1346 1633; baseline -0.002 -17"><span class='ocrx_word' id='word_1_83' title='bbox 257 1570 361 1616; x_wconf 83' lang='lat' dir='ltr'>annus</span> <span class='ocrx_word' id='word_1_84' title='bbox 377 1551 525 1616; x_wconf 81' lang='lat' dir='ltr'>durante.</span> <span class='ocrx_word' id='word_1_85' title='bbox 570 1551 709 1616; x_wconf 89' lang='lat' dir='ltr'>Nullum</span> <span class='ocrx_word' id='word_1_86' title='bbox 723 1551 846 1633; x_wconf 83' lang='lat' dir='ltr'>gratius</span> <span class='ocrx_word' id='word_1_87' title='bbox 860 1551 913 1614; x_wconf 89' lang='lat' dir='ltr'>bis</span> <span class='ocrx_word' id='word_1_88' title='bbox 927 1551 1035 1614; x_wconf 91' lang='lat' dir='ltr'>solum</span> <span class='ocrx_word' id='word_1_89' title='bbox 1051 1568 1152 1633; x_wconf 87' lang='lat' dir='ltr'>quarn</span> <span class='ocrx_word' id='word_1_90' title='bbox 1168 1549 1346 1614; x_wconf 83' lang='lat' dir='ltr'>Ravenna·</span> 
     </span>
     <span class='ocr_line' id='line_1_13' title="bbox 257 1653 1301 1717; baseline -0.002 -1"><span class='ocrx_word' id='word_1_91' title='bbox 257 1653 361 1716; x_wconf 88' lang='lat' dir='ltr'>tium⁰</span> <span class='ocrx_word' id='word_1_92' title='bbox 382 1653 562 1717; x_wconf 88' lang='lat' dir='ltr'>hortorum.</span> <span class='ocrx_word' id='word_1_93' title='bbox 1298 1659 1301 1668; x_wconf 84' lang='grc'><em>“</em></span> 
     </span>
    </p>

    <p class='ocr_par' dir='ltr' id='par_1_3' title="bbox 257 1751 1348 2138">
     <span class='ocr_line' id='line_1_14' title="bbox 302 1751 1346 1835; baseline -0.001 -19"><span class='ocrx_word' id='word_1_94' title='bbox 302 1751 552 1817; x_wconf 79' lang='lat' dir='ltr'>Indicavimusr</span> <span class='ocrx_word' id='word_1_95' title='bbox 574 1759 607 1817; x_wconf 91' lang='lat' dir='ltr'>et</span> <span class='ocrx_word' id='word_1_96' title='bbox 630 1752 816 1818; x_wconf 89' lang='lat' dir='ltr'>corrudam.</span> <span class='ocrx_word' id='word_1_97' title='bbox 862 1751 966 1816; x_wconf 86' lang='lat' dir='ltr'>Hunc</span> <span class='ocrx_word' id='word_1_98' title='bbox 987 1751 1075 1814; x_wconf 84' lang='lat' dir='ltr'>cuim</span> <span class='ocrx_word' id='word_1_99' title='bbox 1088 1751 1257 1833; x_wconf 82' lang='lat' dir='ltr'>intelligo⁸</span> <span class='ocrx_word' id='word_1_100' title='bbox 1280 1751 1346 1835; x_wconf 81' lang='lat' dir='ltr'>syl-</span> 
     </span>
     <span class='ocr_line' id='line_1_15' title="bbox 257 1851 1348 1938; baseline 0 -22"><span class='ocrx_word' id='word_1_101' title='bbox 257 1860 399 1918; x_wconf 87' lang='lat' dir='ltr'>vestrem</span> <span class='ocrx_word' id='word_1_102' title='bbox 427 1873 637 1938; x_wconf 80' lang='lat' dir='ltr'>asparagum,</span> <span class='ocrx_word' id='word_1_103' title='bbox 658 1873 756 1936; x_wconf 90' lang='lat' dir='ltr'>quem</span> <span class='ocrx_word' id='word_1_104' title='bbox 778 1852 891 1916; x_wconf 76' lang='lat' dir='ltr'>Graeci</span> <span class='ocrx_word' id='word_1_105' title='bbox 914 1851 1154 1928; x_wconf 66' lang='lat' dir='ltr'>hermonumur</span> <span class='ocrx_word' id='word_1_106' title='bbox 1175 1856 1233 1915; x_wconf 91' lang='lat' dir='ltr'>ant</span> <span class='ocrx_word' id='word_1_107' title='bbox 1254 1871 1348 1936; x_wconf 85' lang='lat' dir='ltr'>mya-</span> 
     </span>
     <span class='ocr_line' id='line_1_16' title="bbox 259 1953 1347 2032; baseline -0.001 -14"><span class='ocrx_word' id='word_1_108' title='bbox 259 1955 420 2018; x_wconf 76' lang='lat' dir='ltr'>canthon‘</span> <span class='ocrx_word' id='word_1_109' title='bbox 449 1962 579 2032; x_wconf 78' lang='lat' dir='ltr'>vocant,</span> <span class='ocrx_word' id='word_1_110' title='bbox 608 1956 727 2020; x_wconf 85' lang='lat' dir='ltr'>aliisve</span> <span class='ocrx_word' id='word_1_111' title='bbox 756 1955 957 2017; x_wconf 86' lang='lat' dir='ltr'>nominibus.</span> <span class='ocrx_word' id='word_1_112' title='bbox 1001 1953 1162 2018; x_wconf 81' lang='lat' dir='ltr'>Invenio·</span> <span class='ocrx_word' id='word_1_113' title='bbox 1190 1954 1283 2016; x_wconf 88' lang='lat' dir='ltr'>nasci</span> <span class='ocrx_word' id='word_1_114' title='bbox 1313 1961 1347 2018; x_wconf 88' lang='lat' dir='ltr'>et</span> 
     </span>
     <span class='ocr_line' id='line_1_17' title="bbox 259 2053 930 2138; baseline -0.006 -18"><span class='ocrx_word' id='word_1_115' title='bbox 259 2055 372 2120; x_wconf 85' lang='lat' dir='ltr'>aristis</span> <span class='ocrx_word' id='word_1_116' title='bbox 388 2056 546 2120; x_wconf 87' lang='lat' dir='ltr'>cornibus</span> <span class='ocrx_word' id='word_1_117' title='bbox 561 2057 645 2120; x_wconf 90' lang='lat' dir='ltr'>tusis</span> <span class='ocrx_word' id='word_1_118' title='bbox 659 2062 763 2138; x_wconf 87' lang='lat' dir='ltr'>atque</span> <span class='ocrx_word' id='word_1_119' title='bbox 778 2053 930 2118; x_wconf 85' lang='lat' dir='ltr'>defossis.</span> 
     </span>
    </p>
   </div>
   <div class='ocr_carea' id='block_1_3' title="bbox 711 2215 893 2242">
    <p class='ocr_par' dir='ltr' id='par_1_4' title="bbox 711 2215 893 2242">
     <span class='ocr_line' id='line_1_18' title="bbox 711 2215 893 2242; baseline 0.027 -5"><span class='ocrx_word' id='word_1_120' title='bbox 711 2215 757 2238; x_wconf 65' lang='lat' dir='ltr'>m</span> <span class='ocrx_word' id='word_1_121' title='bbox 759 2217 861 2240; x_wconf 65' lang='grc' dir='ltr'><strong><em>ΙΙΙΙΙ</em></strong></span> <span class='ocrx_word' id='word_1_122' title='bbox 864 2219 893 2242; x_wconf 66' lang='grc' dir='ltr'><em>Μ</em></span> 
     </span>
    </p>
   </div>
   <div class='ocr_carea' id='block_1_4' title="bbox 259 2313 1349 2509">
    <p class='ocr_par' dir='ltr' id='par_1_5' title="bbox 259 2313 1349 2509">
     <span class='ocr_line' id='line_1_19' title="bbox 259 2313 1348 2382; baseline -0.005 -13"><span class='ocrx_word' id='word_1_123' title='bbox 259 2321 408 2382; x_wconf 80' lang='lat' dir='ltr'>defrasgs&#39;tar·</span> <span class='ocrx_word' id='word_1_124' title='bbox 417 2337 427 2379; x_wconf 91' lang='lat'>,·</span> <span class='ocrx_word' id='word_1_125' title='bbox 443 2317 527 2369; x_wconf 78' lang='lat' dir='ltr'>chiffl.</span> <span class='ocrx_word' id='word_1_126' title='bbox 547 2318 759 2381; x_wconf 58' lang='lat' dir='ltr'>defmagstarett</span> <span class='ocrx_word' id='word_1_127' title='bbox 775 2318 818 2367; x_wconf 90' lang='lat' dir='ltr'>lta</span> <span class='ocrx_word' id='word_1_128' title='bbox 835 2316 911 2366; x_wconf 77' lang='lat' dir='ltr'>codd.</span> <span class='ocrx_word' id='word_1_129' title='bbox 931 2315 1066 2371; x_wconf 86' lang='lat' dir='ltr'>llarduiui,</span> <span class='ocrx_word' id='word_1_130' title='bbox 1081 2329 1138 2364; x_wconf 86' lang='lat' dir='ltr'>cum</span> <span class='ocrx_word' id='word_1_131' title='bbox 1150 2314 1210 2364; x_wconf 82' lang='lat' dir='ltr'>add.</span> <span class='ocrx_word' id='word_1_132' title='bbox 1221 2313 1348 2365; x_wconf 81' lang='lat' dir='ltr'>ilarduia.</span> 
     </span>
     <span class='ocr_line' id='line_1_20' title="bbox 261 2380 1348 2446; baseline -0.006 -12"><span class='ocrx_word' id='word_1_133' title='bbox 261 2390 284 2433; x_wconf 87' lang='lat' dir='ltr'>l.</span> <span class='ocrx_word' id='word_1_134' title='bbox 306 2389 331 2433; x_wconf 70' lang='lat'>2.</span> <span class='ocrx_word' id='word_1_135' title='bbox 351 2389 374 2434; x_wconf 72' lang='lat' dir='ltr'>s.</span> <span class='ocrx_word' id='word_1_136' title='bbox 391 2384 487 2434; x_wconf 83' lang='lat' dir='ltr'>Miller.</span> <span class='ocrx_word' id='word_1_137' title='bbox 507 2383 612 2446; x_wconf 85' lang='lat' dir='ltr'>Bipont.</span> <span class='ocrx_word' id='word_1_138' title='bbox 634 2393 662 2434; x_wconf 86' lang='lat' dir='ltr'>et</span> <span class='ocrx_word' id='word_1_139' title='bbox 684 2382 859 2432; x_wconf 66' lang='lat' dir='ltr'>Pronuntiari</span> <span class='ocrx_word' id='word_1_140' title='bbox 878 2380 1023 2430; x_wconf 64' lang='lat' dir='ltr'>hebesceret</span> <span class='ocrx_word' id='word_1_141' title='bbox 1046 2381 1160 2430; x_wconf 83' lang='lat' dir='ltr'>Gronov.</span> <span class='ocrx_word' id='word_1_142' title='bbox 1182 2388 1210 2429; x_wconf 88' lang='lat' dir='ltr'>et</span> <span class='ocrx_word' id='word_1_143' title='bbox 1231 2381 1265 2428; x_wconf 85' lang='lat' dir='ltr'>al.</span> <span class='ocrx_word' id='word_1_144' title='bbox 1288 2389 1348 2430; x_wconf 88' lang='lat' dir='ltr'>suta</span> 
     </span>
     <span class='ocr_line' id='line_1_21' title="bbox 259 2445 1349 2509; baseline -0.004 -13"><span class='ocrx_word' id='word_1_145' title='bbox 259 2447 433 2497; x_wconf 73' lang='lat' dir='ltr'>lindum-t</span> <span class='ocrx_word' id='word_1_146' title='bbox 459 2447 552 2509; x_wconf 82' lang='lat' dir='ltr'>Margo</span> <span class='ocrx_word' id='word_1_147' title='bbox 577 2447 636 2496; x_wconf 84' lang='lat' dir='ltr'>edd.</span> <span class='ocrx_word' id='word_1_148' title='bbox 663 2447 754 2496; x_wconf 85' lang='lat' dir='ltr'>Dalec.</span> <span class='ocrx_word' id='word_1_149' title='bbox 778 2453 806 2495; x_wconf 91' lang='lat' dir='ltr'>et</span> <span class='ocrx_word' id='word_1_150' title='bbox 834 2445 949 2493; x_wconf 83' lang='lat' dir='ltr'>Gronov.</span> <span class='ocrx_word' id='word_1_151' title='bbox 972 2445 1088 2504; x_wconf 71' lang='lat' dir='ltr'>defossam</span> <span class='ocrx_word' id='word_1_152' title='bbox 1111 2459 1189 2493; x_wconf 78' lang='lat' dir='ltr'>setara</span> <span class='ocrx_word' id='word_1_153' title='bbox 1212 2447 1349 2504; x_wconf 73' lang='lat' dir='ltr'>acerontinus,</span> 
     </span>
    </p>
   </div>
   <div class='ocr_carea' id='block_1_5' title="bbox 258 2509 1348 2690">
    <p class='ocr_par' dir='ltr' id='par_1_6' title="bbox 258 2509 1348 2690">
     <span class='ocr_line' id='line_1_22' title="bbox 258 2509 1348 2575; baseline -0.001 -17"><span class='ocrx_word' id='word_1_154' title='bbox 258 2526 312 2575; x_wconf 83' lang='lat' dir='ltr'>par.</span> <span class='ocrx_word' id='word_1_155' title='bbox 338 2526 384 2562; x_wconf 82' lang='lat' dir='ltr'>scr.</span> <span class='ocrx_word' id='word_1_156' title='bbox 409 2525 455 2560; x_wconf 85' lang='lat' dir='ltr'>aer.</span> <span class='ocrx_word' id='word_1_157' title='bbox 483 2512 637 2574; x_wconf 65' lang='lat' dir='ltr'>piurima-8</span> <span class='ocrx_word' id='word_1_158' title='bbox 663 2511 736 2560; x_wconf 75' lang='lat' dir='ltr'>Horo</span> <span class='ocrx_word' id='word_1_159' title='bbox 754 2509 907 2572; x_wconf 74' lang='lat' dir='ltr'>iassliigisaas</span> <span class='ocrx_word' id='word_1_160' title='bbox 927 2509 988 2560; x_wconf 87' lang='lat' dir='ltr'>Vet.</span> <span class='ocrx_word' id='word_1_161' title='bbox 1009 2509 1148 2558; x_wconf 70' lang='lat' dir='ltr'>Drica-tt</span> <span class='ocrx_word' id='word_1_162' title='bbox 1175 2509 1268 2573; x_wconf 79' lang='lat' dir='ltr'>Margo</span> <span class='ocrx_word' id='word_1_163' title='bbox 1289 2509 1348 2558; x_wconf 90' lang='lat' dir='ltr'>edd.</span> 
     </span>
     <span class='ocr_line' id='line_1_23' title="bbox 750 2637 857 2690; baseline -0.019 0"><span class='ocrx_word' id='word_1_164' title='bbox 750 2637 857 2690; x_wconf 77' lang='lat' dir='ltr'><strong>NOTAE</strong></span> 
     </span>
    </p>
   </div>
   <div class='ocr_carea' id='block_1_6' title="bbox 261 2735 1355 4316">
    <p class='ocr_par' dir='ltr' id='par_1_7' title="bbox 261 2735 1350 3034">
     <span class='ocr_line' id='line_1_24' title="bbox 292 2735 1349 2809; baseline 0.009 -26"><span class='ocrx_word' id='word_1_165' title='bbox 292 2735 299 2768; x_wconf 93' lang='lat'><strong>¹</strong></span> <span class='ocrx_word' id='word_1_166' title='bbox 316 2735 429 2785; x_wconf 83' lang='lat' dir='ltr'>ldsatens</span> <span class='ocrx_word' id='word_1_167' title='bbox 441 2770 448 2784; x_wconf 94' lang='lat'>.</span> <span class='ocrx_word' id='word_1_168' title='bbox 461 2768 469 2784; x_wconf 92' lang='lat'>.</span> <span class='ocrx_word' id='word_1_169' title='bbox 480 2735 587 2798; x_wconf 63' lang='lat' dir='ltr'>adum]</span> <span class='ocrx_word' id='word_1_170' title='bbox 607 2735 644 2785; x_wconf 80' lang='lat' dir='ltr'>At</span> <span class='ocrx_word' id='word_1_171' title='bbox 655 2736 720 2785; x_wconf 84' lang='lat' dir='ltr'>Cato</span> <span class='ocrx_word' id='word_1_172' title='bbox 732 2749 784 2784; x_wconf 88' lang='lat' dir='ltr'>ura·</span> <span class='ocrx_word' id='word_1_173' title='bbox 856 2745 1051 2809; x_wconf 56' lang='lat' dir='ltr'>uindicantem]</span> <span class='ocrx_word' id='word_1_174' title='bbox 1075 2745 1140 2794; x_wconf 84' lang='lat' dir='ltr'>&#39;rum</span> <span class='ocrx_word' id='word_1_175' title='bbox 1159 2759 1217 2795; x_wconf 80' lang='lat' dir='ltr'>xvv.</span> <span class='ocrx_word' id='word_1_176' title='bbox 1234 2749 1277 2795; x_wconf 74' lang='lat' dir='ltr'>ot.</span> <span class='ocrx_word' id='word_1_177' title='bbox 1296 2753 1349 2796; x_wconf 85' lang='lat' dir='ltr'>turo</span> 
     </span>
     <span class='ocr_line' id='line_1_25' title="bbox 263 2810 1349 2884; baseline 0.013 -26"><span class='ocrx_word' id='word_1_178' title='bbox 263 2817 347 2859; x_wconf 89' lang='lat' dir='ltr'>turum</span> <span class='ocrx_word' id='word_1_179' title='bbox 357 2810 382 2860; x_wconf 91' lang='lat' dir='ltr'>id</span> <span class='ocrx_word' id='word_1_180' title='bbox 395 2810 449 2860; x_wconf 79' lang='lat' dir='ltr'>tisri</span> <span class='ocrx_word' id='word_1_181' title='bbox 467 2811 499 2860; x_wconf 89' lang='lat' dir='ltr'>ad</span> <span class='ocrx_word' id='word_1_182' title='bbox 509 2819 658 2861; x_wconf 84' lang='lat' dir='ltr'>autumnum</span> <span class='ocrx_word' id='word_1_183' title='bbox 670 2810 785 2868; x_wconf 73' lang='lat' dir='ltr'>«tiriaus</span> <span class='ocrx_word' id='word_1_184' title='bbox 824 2819 902 2870; x_wconf 61' lang='lat' dir='ltr'>ariam</span> <span class='ocrx_word' id='word_1_185' title='bbox 918 2819 977 2869; x_wconf 80' lang='lat' dir='ltr'>iibri</span> <span class='ocrx_word' id='word_1_186' title='bbox 1000 2819 1075 2884; x_wconf 84' lang='lat' dir='ltr'>hujus</span> <span class='ocrx_word' id='word_1_187' title='bbox 1087 2835 1145 2883; x_wconf 86' lang='lat' dir='ltr'>cap.</span> <span class='ocrx_word' id='word_1_188' title='bbox 1158 2823 1198 2869; x_wconf 83' lang='lat' dir='ltr'>rs.</span> <span class='ocrx_word' id='word_1_189' title='bbox 1232 2821 1349 2871; x_wconf 86' lang='lat' dir='ltr'>Corruda</span> 
     </span>
     <span class='ocr_line' id='line_1_26' title="bbox 261 2885 1350 2960; baseline 0.003 -19"><span class='ocrx_word' id='word_1_190' title='bbox 261 2885 365 2951; x_wconf 70' lang='lat' dir='ltr'>quidem</span> <span class='ocrx_word' id='word_1_191' title='bbox 384 2887 495 2943; x_wconf 85' lang='lat' dir='ltr'>uidetur,</span> <span class='ocrx_word' id='word_1_192' title='bbox 518 2887 623 2950; x_wconf 67' lang='grc' dir='ltr'>ῐθῦῑίϋί,</span> <span class='ocrx_word' id='word_1_193' title='bbox 642 2886 678 2935; x_wconf 67' lang='lat'>52⁸</span> <span class='ocrx_word' id='word_1_194' title='bbox 700 2899 784 2936; x_wconf 65' lang='lat' dir='ltr'>rerum</span> <span class='ocrx_word' id='word_1_195' title='bbox 825 2911 902 2959; x_wconf 91' lang='lat' dir='ltr'>porro</span> <span class='ocrx_word' id='word_1_196' title='bbox 912 2895 1045 2960; x_wconf 78' lang='lat' dir='ltr'>sylvestris</span> <span class='ocrx_word' id='word_1_197' title='bbox 1064 2909 1201 2959; x_wconf 80' lang='lat' dir='ltr'>asparagus</span> <span class='ocrx_word' id='word_1_198' title='bbox 1213 2903 1264 2959; x_wconf 83' lang='lat' dir='ltr'>est,</span> <span class='ocrx_word' id='word_1_199' title='bbox 1281 2895 1350 2945; x_wconf 83' lang='lat' dir='ltr'>soliis</span> 
     </span>
     <span class='ocr_line' id='line_1_27' title="bbox 261 2963 1350 3034; baseline 0.006 -21"><span class='ocrx_word' id='word_1_200' title='bbox 261 2963 492 3025; x_wconf 79' lang='lat' dir='ltr'>naturaexigenta.</span> <span class='ocrx_word' id='word_1_201' title='bbox 825 2971 917 3027; x_wconf 87' lang='lat' dir='ltr'>acutis,</span> <span class='ocrx_word' id='word_1_202' title='bbox 940 2971 1022 3034; x_wconf 85' lang='lat' dir='ltr'>qrrsiis</span> <span class='ocrx_word' id='word_1_203' title='bbox 1044 2985 1059 3016; x_wconf 85' lang='lat' dir='ltr'>a</span> <span class='ocrx_word' id='word_1_204' title='bbox 1084 2970 1173 3019; x_wconf 84' lang='lat' dir='ltr'>Clusio</span> <span class='ocrx_word' id='word_1_205' title='bbox 1201 2970 1350 3034; x_wconf 74' lang='lat' dir='ltr'>depingitur</span> 
     </span>
    </p>

    <p class='ocr_par' dir='ltr' id='par_1_8' title="bbox 262 3036 1353 3480">
     <span class='ocr_line' id='line_1_28' title="bbox 294 3036 1350 3111; baseline 0.003 -19"><span class='ocrx_word' id='word_1_206' title='bbox 294 3044 312 3070; x_wconf 76' lang='lat'>¹¹</span> <span class='ocrx_word' id='word_1_207' title='bbox 324 3036 786 3102; x_wconf 70' lang='lat' dir='ltr'>lbmoovaitriiloeeomdicibor,</span> <span class='ocrx_word' id='word_1_208' title='bbox 825 3045 1074 3096; x_wconf 78' lang='lat' dir='ltr'>Rarior.1³rsnr.v.</span> <span class='ocrx_word' id='word_1_209' title='bbox 1094 3049 1135 3096; x_wconf 88' lang='lat' dir='ltr'>oo.</span> <span class='ocrx_word' id='word_1_210' title='bbox 1154 3061 1180 3111; x_wconf 84' lang='lat' dir='ltr'>p.</span> <span class='ocrx_word' id='word_1_211' title='bbox 1192 3049 1247 3095; x_wconf 86' lang='lat' dir='ltr'>rrr.</span> <span class='ocrx_word' id='word_1_212' title='bbox 1275 3046 1350 3095; x_wconf 78' lang='lat' dir='ltr'>Hanc</span> 
     </span>
     <span class='ocr_line' id='line_1_29' title="bbox 262 3114 1350 3185; baseline 0.006 -23"><span class='ocrx_word' id='word_1_213' title='bbox 262 3120 362 3162; x_wconf 88' lang='lat' dir='ltr'>utante</span> <span class='ocrx_word' id='word_1_214' title='bbox 379 3115 531 3163; x_wconf 88' lang='lat' dir='ltr'>monuimus.</span> <span class='ocrx_word' id='word_1_215' title='bbox 564 3115 647 3165; x_wconf 87' lang='lat' dir='ltr'>Cato:</span> <span class='ocrx_word' id='word_1_216' title='bbox 664 3114 786 3163; x_wconf 73' lang='lat' dir='ltr'>‘Deinde</span> <span class='ocrx_word' id='word_1_217' title='bbox 826 3128 882 3171; x_wconf 89' lang='lat' dir='ltr'>toto</span> <span class='ocrx_word' id='word_1_218' title='bbox 905 3122 1025 3170; x_wconf 76' lang='lat' dir='ltr'>Castalia</span> <span class='ocrx_word' id='word_1_219' title='bbox 1048 3121 1253 3185; x_wconf 86' lang='lat' dir='ltr'>Grauaterssique</span> <span class='ocrx_word' id='word_1_220' title='bbox 1272 3136 1350 3182; x_wconf 80' lang='lat' dir='ltr'>reguo</span> 
     </span>
     <span class='ocr_line' id='line_1_30' title="bbox 262 3187 1350 3262; baseline 0.009 -26"><span class='ocrx_word' id='word_1_221' title='bbox 262 3187 374 3236; x_wconf 84' lang='lat' dir='ltr'>fossulas</span> <span class='ocrx_word' id='word_1_222' title='bbox 383 3187 473 3252; x_wconf 84' lang='lat' dir='ltr'>facito,</span> <span class='ocrx_word' id='word_1_223' title='bbox 490 3204 541 3252; x_wconf 86' lang='lat' dir='ltr'>qua</span> <span class='ocrx_word' id='word_1_224' title='bbox 552 3190 650 3239; x_wconf 88' lang='lat' dir='ltr'>radices</span> <span class='ocrx_word' id='word_1_225' title='bbox 668 3191 786 3253; x_wconf 78' lang='lat' dir='ltr'>asparagi</span> <span class='ocrx_word' id='word_1_226' title='bbox 826 3197 895 3245; x_wconf 89' lang='lat' dir='ltr'>nasci</span> <span class='ocrx_word' id='word_1_227' title='bbox 907 3195 1005 3259; x_wconf 86' lang='lat' dir='ltr'>prodit:</span> <span class='ocrx_word' id='word_1_228' title='bbox 1023 3197 1120 3246; x_wconf 90' lang='lat' dir='ltr'>noslric</span> <span class='ocrx_word' id='word_1_229' title='bbox 1139 3197 1165 3246; x_wconf 91' lang='lat' dir='ltr'>in</span> <span class='ocrx_word' id='word_1_230' title='bbox 1182 3197 1256 3248; x_wconf 88' lang='lat' dir='ltr'>lrorto</span> <span class='ocrx_word' id='word_1_231' title='bbox 1270 3199 1350 3262; x_wconf 80' lang='lat' dir='ltr'>Regio</span> 
     </span>
     <span class='ocr_line' id='line_1_31' title="bbox 262 3263 1350 3336; baseline 0.009 -24"><span class='ocrx_word' id='word_1_232' title='bbox 262 3263 403 3313; x_wconf 81' lang='lat' dir='ltr'>demittas:</span> <span class='ocrx_word' id='word_1_233' title='bbox 420 3263 579 3314; x_wconf 81' lang='lat' dir='ltr'>intervallum</span> <span class='ocrx_word' id='word_1_234' title='bbox 601 3266 636 3315; x_wconf 92' lang='lat' dir='ltr'>sit</span> <span class='ocrx_word' id='word_1_235' title='bbox 653 3280 685 3314; x_wconf 87' lang='lat' dir='ltr'>ne</span> <span class='ocrx_word' id='word_1_236' title='bbox 703 3266 786 3314; x_wconf 89' lang='lat' dir='ltr'>miuus</span> <span class='ocrx_word' id='word_1_237' title='bbox 826 3270 944 3319; x_wconf 90' lang='lat' dir='ltr'>vidimus.</span> <span class='ocrx_word' id='word_1_238' title='bbox 978 3271 1029 3320; x_wconf 80' lang='lat' dir='ltr'>Sed</span> <span class='ocrx_word' id='word_1_239' title='bbox 1041 3280 1068 3320; x_wconf 88' lang='lat' dir='ltr'>et</span> <span class='ocrx_word' id='word_1_240' title='bbox 1079 3272 1188 3321; x_wconf 88' lang='lat' dir='ltr'>sativum</span> <span class='ocrx_word' id='word_1_241' title='bbox 1199 3288 1350 3336; x_wconf 80' lang='lat' dir='ltr'>asparagum</span> 
     </span>
     <span class='ocr_line' id='line_1_32' title="bbox 263 3338 1353 3410; baseline 0.011 -22"><span class='ocrx_word' id='word_1_242' title='bbox 263 3339 344 3403; x_wconf 87' lang='lat' dir='ltr'>pedes</span> <span class='ocrx_word' id='word_1_243' title='bbox 368 3341 482 3404; x_wconf 80' lang='lat' dir='ltr'>singulos</span> <span class='ocrx_word' id='word_1_244' title='bbox 506 3343 574 3393; x_wconf 88' lang='lat' dir='ltr'>iuter</span> <span class='ocrx_word' id='word_1_245' title='bbox 595 3342 695 3392; x_wconf 86' lang='lat' dir='ltr'>radices</span> <span class='ocrx_word' id='word_1_246' title='bbox 712 3357 785 3410; x_wconf 88' lang='lat' dir='ltr'>aspa-</span> <span class='ocrx_word' id='word_1_247' title='bbox 826 3346 961 3396; x_wconf 80' lang='lat' dir='ltr'>atuaticis</span> <span class='ocrx_word' id='word_1_248' title='bbox 979 3346 1115 3396; x_wconf 87' lang='lat' dir='ltr'>corrudam</span> <span class='ocrx_word' id='word_1_249' title='bbox 1127 3338 1263 3410; x_wconf 78' lang='lat' dir='ltr'>appellari,</span> <span class='ocrx_word' id='word_1_250' title='bbox 1277 3349 1353 3400; x_wconf 77' lang='lat' dir='ltr'>Colat·</span> 
     </span>
     <span class='ocr_line' id='line_1_33' title="bbox 265 3414 1150 3480; baseline 0.008 -16"><span class='ocrx_word' id='word_1_251' title='bbox 265 3414 340 3480; x_wconf 69' lang='lat' dir='ltr'>rugi!</span> <span class='ocrx_word' id='word_1_252' title='bbox 826 3423 904 3470; x_wconf 83' lang='lat' dir='ltr'>melis</span> <span class='ocrx_word' id='word_1_253' title='bbox 915 3429 1063 3478; x_wconf 78' lang='lat' dir='ltr'>astructor,</span> <span class='ocrx_word' id='word_1_254' title='bbox 1076 3426 1150 3471; x_wconf 66' lang='lat' dir='ltr'>xus.</span> 
     </span>
    </p>

    <p class='ocr_par' dir='ltr' id='par_1_9' title="bbox 264 3490 1353 3636">
     <span class='ocr_line' id='line_1_34' title="bbox 295 3490 1350 3561; baseline 0.007 -21"><span class='ocrx_word' id='word_1_255' title='bbox 295 3499 307 3524; x_wconf 88' lang='lat'><strong>¹</strong></span> <span class='ocrx_word' id='word_1_256' title='bbox 326 3491 382 3540; x_wconf 82' lang='lat' dir='ltr'>Nisi</span> <span class='ocrx_word' id='word_1_257' title='bbox 396 3490 529 3556; x_wconf 74' lang='lat' dir='ltr'>quodcirca</span> <span class='ocrx_word' id='word_1_258' title='bbox 540 3491 610 3556; x_wconf 84' lang='lat' dir='ltr'>idas]</span> <span class='ocrx_word' id='word_1_259' title='bbox 636 3493 786 3558; x_wconf 88' lang='lat' dir='ltr'>Columella,</span> <span class='ocrx_word' id='word_1_260' title='bbox 856 3497 968 3545; x_wconf 78' lang='lat' dir='ltr'>aGraci</span> <span class='ocrx_word' id='word_1_261' title='bbox 978 3496 1123 3561; x_wconf 80' lang='lat' dir='ltr'>bomrsevura]</span> <span class='ocrx_word' id='word_1_262' title='bbox 1144 3495 1220 3559; x_wconf 82' lang='lat' dir='ltr'>Apud</span> <span class='ocrx_word' id='word_1_263' title='bbox 1234 3495 1350 3561; x_wconf 51' lang='lat' dir='ltr'>uesper.</span> 
     </span>
     <span class='ocr_line' id='line_1_35' title="bbox 264 3568 1353 3636; baseline 0.005 -18"><span class='ocrx_word' id='word_1_264' title='bbox 264 3574 291 3618; x_wconf 79' lang='lat' dir='ltr'>et</span> <span class='ocrx_word' id='word_1_265' title='bbox 304 3568 407 3619; x_wconf 88' lang='lat' dir='ltr'>Paliad.</span> <span class='ocrx_word' id='word_1_266' title='bbox 418 3571 481 3620; x_wconf 87' lang='lat' dir='ltr'>locis</span> <span class='ocrx_word' id='word_1_267' title='bbox 493 3571 587 3619; x_wconf 87' lang='lat' dir='ltr'>citatis.</span> <span class='ocrx_word' id='word_1_268' title='bbox 820 3569 935 3634; x_wconf 74' lang='lat' dir='ltr'>&#39;oppanso</span> <span class='ocrx_word' id='word_1_269' title='bbox 945 3573 1048 3636; x_wconf 78' lang='lat' dir='ltr'>legitur.</span> <span class='ocrx_word' id='word_1_270' title='bbox 1065 3569 1192 3634; x_wconf 76' lang='grc' dir='ltr'>Ὀρμενος,</span> <span class='ocrx_word' id='word_1_271' title='bbox 1202 3573 1293 3636; x_wconf 88' lang='lat' dir='ltr'>inquit,</span> <span class='ocrx_word' id='word_1_272' title='bbox 1301 3573 1353 3622; x_wconf 74' lang='lat' dir='ltr'>dvo·</span> 
     </span>
    </p>

    <p class='ocr_par' dir='ltr' id='par_1_10' title="bbox 263 3645 1355 4316">
     <span class='ocr_line' id='line_1_36' title="bbox 296 3645 1353 3714; baseline 0.003 -19"><span class='ocrx_word' id='word_1_273' title='bbox 296 3652 308 3678; x_wconf 86' lang='lat'><strong>⁰</strong></span> <span class='ocrx_word' id='word_1_274' title='bbox 336 3646 518 3712; x_wconf 69' lang='lat' dir='ltr'>mannum]</span> <span class='ocrx_word' id='word_1_275' title='bbox 543 3647 593 3696; x_wconf 84' lang='lat' dir='ltr'>Vel</span> <span class='ocrx_word' id='word_1_276' title='bbox 617 3647 786 3712; x_wconf 77' lang='lat' dir='ltr'>sylvestribus</span> <span class='ocrx_word' id='word_1_277' title='bbox 825 3667 859 3710; x_wconf 81' lang='lat' dir='ltr'>ps</span> <span class='ocrx_word' id='word_1_278' title='bbox 873 3647 957 3714; x_wconf 73' lang='grc' dir='ltr'>κύριον,</span> <span class='ocrx_word' id='word_1_279' title='bbox 973 3648 1012 3697; x_wconf 78' lang='lat' dir='ltr'>sal</span> <span class='ocrx_word' id='word_1_280' title='bbox 1027 3645 1097 3697; x_wconf 77' lang='grc' dir='ltr'>πόλις</span> <span class='ocrx_word' id='word_1_281' title='bbox 1119 3646 1353 3698; x_wconf 69' lang='lat' dir='ltr'>amanto....at</span> 
     </span>
     <span class='ocr_line' id='line_1_37' title="bbox 264 3722 1353 3789; baseline 0.005 -19"><span class='ocrx_word' id='word_1_282' title='bbox 264 3725 349 3770; x_wconf 86' lang='lat' dir='ltr'>tamen</span> <span class='ocrx_word' id='word_1_283' title='bbox 370 3723 499 3785; x_wconf 79' lang='lat' dir='ltr'>asparagis</span> <span class='ocrx_word' id='word_1_284' title='bbox 518 3722 612 3772; x_wconf 84' lang='lat' dir='ltr'>cedere</span> <span class='ocrx_word' id='word_1_285' title='bbox 633 3725 678 3774; x_wconf 85' lang='lat' dir='ltr'>lros</span> <span class='ocrx_word' id='word_1_286' title='bbox 705 3725 788 3774; x_wconf 87' lang='lat' dir='ltr'>innuit</span> <span class='ocrx_word' id='word_1_287' title='bbox 827 3726 853 3775; x_wconf 74' lang='lat' dir='ltr'>dl</span> <span class='ocrx_word' id='word_1_288' title='bbox 868 3725 912 3776; x_wconf 74' lang='lat' dir='ltr'>abr</span> <span class='ocrx_word' id='word_1_289' title='bbox 929 3724 1166 3789; x_wconf 52' lang='lat' dir='ltr'>apposueram.</span> <span class='ocrx_word' id='word_1_290' title='bbox 1192 3726 1277 3776; x_wconf 83' lang='lat' dir='ltr'>Julius</span> <span class='ocrx_word' id='word_1_291' title='bbox 1295 3725 1353 3775; x_wconf 86' lang='lat' dir='ltr'>Pol·</span> 
     </span>
     <span class='ocr_line' id='line_1_38' title="bbox 264 3796 1352 3865; baseline 0.003 -19"><span class='ocrx_word' id='word_1_292' title='bbox 264 3796 392 3846; x_wconf 83' lang='lat' dir='ltr'>Martialis</span> <span class='ocrx_word' id='word_1_293' title='bbox 404 3797 429 3845; x_wconf 93' lang='lat' dir='ltr'>iu</span> <span class='ocrx_word' id='word_1_294' title='bbox 446 3797 658 3849; x_wconf 74' lang='lat' dir='ltr'>Xeuiisxrrr.21.</span> <span class='ocrx_word' id='word_1_295' title='bbox 671 3800 712 3848; x_wconf 88' lang='lat' dir='ltr'>cui</span> <span class='ocrx_word' id='word_1_296' title='bbox 725 3801 786 3849; x_wconf 89' lang='lat' dir='ltr'>tito·</span> <span class='ocrx_word' id='word_1_297' title='bbox 827 3803 872 3851; x_wconf 82' lang='lat' dir='ltr'>iux</span> <span class='ocrx_word' id='word_1_298' title='bbox 892 3816 929 3852; x_wconf 86' lang='lat' dir='ltr'>rr.</span> <span class='ocrx_word' id='word_1_299' title='bbox 940 3807 965 3851; x_wconf 83' lang='lat' dir='ltr'>s.</span> <span class='ocrx_word' id='word_1_300' title='bbox 984 3814 1034 3850; x_wconf 90' lang='lat' dir='ltr'>non</span> <span class='ocrx_word' id='word_1_301' title='bbox 1047 3801 1208 3865; x_wconf 81' lang='lat' dir='ltr'>sylvestrem,</span> <span class='ocrx_word' id='word_1_302' title='bbox 1227 3799 1272 3849; x_wconf 75' lang='lat' dir='ltr'>seo</span> <span class='ocrx_word' id='word_1_303' title='bbox 1291 3803 1352 3850; x_wconf 88' lang='lat' dir='ltr'>asti-</span> 
     </span>
     <span class='ocr_line' id='line_1_39' title="bbox 263 3871 1353 3941; baseline 0.005 -20"><span class='ocrx_word' id='word_1_304' title='bbox 263 3871 466 3936; x_wconf 79' lang='lat' dir='ltr'>ius‚‘Asparagi</span> <span class='ocrx_word' id='word_1_305' title='bbox 478 3871 494 3921; x_wconf 73' lang='grc' dir='ltr'>ι’</span> <span class='ocrx_word' id='word_1_306' title='bbox 510 3873 616 3922; x_wconf 85' lang='lat' dir='ltr'>‘Mollis</span> <span class='ocrx_word' id='word_1_307' title='bbox 630 3874 656 3922; x_wconf 87' lang='lat' dir='ltr'>in</span> <span class='ocrx_word' id='word_1_308' title='bbox 669 3889 789 3938; x_wconf 73' lang='lat' dir='ltr'>aquorsa</span> <span class='ocrx_word' id='word_1_309' title='bbox 828 3893 886 3928; x_wconf 88' lang='lat' dir='ltr'>vum</span> <span class='ocrx_word' id='word_1_310' title='bbox 906 3891 1055 3941; x_wconf 75' lang='lat' dir='ltr'>asparagum</span> <span class='ocrx_word' id='word_1_311' title='bbox 1074 3874 1171 3940; x_wconf 61' lang='lat' dir='ltr'>oppam</span> <span class='ocrx_word' id='word_1_312' title='bbox 1189 3878 1277 3925; x_wconf 84' lang='lat' dir='ltr'>vorari</span> <span class='ocrx_word' id='word_1_313' title='bbox 1292 3877 1353 3926; x_wconf 86' lang='lat' dir='ltr'>scri-</span> 
     </span>
     <span class='ocr_line' id='line_1_40' title="bbox 265 3947 1354 4014; baseline 0.004 -18"><span class='ocrx_word' id='word_1_314' title='bbox 265 3962 323 4013; x_wconf 79' lang='lat' dir='ltr'>qosr</span> <span class='ocrx_word' id='word_1_315' title='bbox 334 3949 417 3996; x_wconf 83' lang='lat' dir='ltr'>crevit</span> <span class='ocrx_word' id='word_1_316' title='bbox 429 3947 503 4011; x_wconf 92' lang='lat' dir='ltr'>spina</span> <span class='ocrx_word' id='word_1_317' title='bbox 516 3947 647 4014; x_wconf 75' lang='lat' dir='ltr'>Ravenna,</span> <span class='ocrx_word' id='word_1_318' title='bbox 662 3951 719 3999; x_wconf 87' lang='lat' dir='ltr'>Nou</span> <span class='ocrx_word' id='word_1_319' title='bbox 737 3951 788 4000; x_wconf 87' lang='lat' dir='ltr'>erit</span> <span class='ocrx_word' id='word_1_320' title='bbox 828 3952 883 4003; x_wconf 87' lang='lat' dir='ltr'>bit:</span> <span class='ocrx_word' id='word_1_321' title='bbox 902 3955 1020 4002; x_wconf 89' lang='lat' dir='ltr'>nimirum</span> <span class='ocrx_word' id='word_1_322' title='bbox 1033 3961 1061 4000; x_wconf 89' lang='lat' dir='ltr'>ot</span> <span class='ocrx_word' id='word_1_323' title='bbox 1072 3952 1189 4001; x_wconf 69' lang='lat' dir='ltr'>corruda</span> <span class='ocrx_word' id='word_1_324' title='bbox 1201 3953 1271 4014; x_wconf 88' lang='lat' dir='ltr'>apud</span> <span class='ocrx_word' id='word_1_325' title='bbox 1284 3954 1354 4002; x_wconf 83' lang='lat' dir='ltr'>Lati·</span> 
     </span>
     <span class='ocr_line' id='line_1_41' title="bbox 268 4023 1353 4092; baseline 0.004 -19"><span class='ocrx_word' id='word_1_326' title='bbox 268 4024 373 4074; x_wconf 83' lang='lat' dir='ltr'>incultis</span> <span class='ocrx_word' id='word_1_327' title='bbox 385 4023 645 4088; x_wconf 68' lang='lat' dir='ltr'>gratiosaspsragis!</span> <span class='ocrx_word' id='word_1_328' title='bbox 677 4025 788 4087; x_wconf 79' lang='lat' dir='ltr'>Sativna,</span> <span class='ocrx_word' id='word_1_329' title='bbox 827 4028 930 4089; x_wconf 85' lang='lat' dir='ltr'>uos,ric</span> <span class='ocrx_word' id='word_1_330' title='bbox 950 4027 1019 4092; x_wconf 87' lang='lat' dir='ltr'>apud</span> <span class='ocrx_word' id='word_1_331' title='bbox 1041 4027 1149 4084; x_wconf 75' lang='lat' dir='ltr'>Gratas</span> <span class='ocrx_word' id='word_1_332' title='bbox 1168 4025 1265 4090; x_wconf 62' lang='lat' dir='ltr'>sapim</span> <span class='ocrx_word' id='word_1_333' title='bbox 1285 4041 1353 4077; x_wconf 85' lang='lat' dir='ltr'>com·</span> 
     </span>
     <span class='ocr_line' id='line_1_42' title="bbox 268 4099 1354 4168; baseline 0.005 -20"><span class='ocrx_word' id='word_1_334' title='bbox 268 4099 360 4163; x_wconf 83' lang='lat' dir='ltr'>inquit,</span> <span class='ocrx_word' id='word_1_335' title='bbox 382 4113 532 4162; x_wconf 83' lang='lat' dir='ltr'>asparagus,</span> <span class='ocrx_word' id='word_1_336' title='bbox 543 4113 594 4148; x_wconf 91' lang='lat' dir='ltr'>non</span> <span class='ocrx_word' id='word_1_337' title='bbox 611 4100 660 4149; x_wconf 85' lang='lat' dir='ltr'>erit</span> <span class='ocrx_word' id='word_1_338' title='bbox 670 4101 789 4165; x_wconf 72' lang='lat' dir='ltr'>sylvestri</span> <span class='ocrx_word' id='word_1_339' title='bbox 828 4106 911 4152; x_wconf 91' lang='lat' dir='ltr'>rnunis</span> <span class='ocrx_word' id='word_1_340' title='bbox 922 4103 1024 4168; x_wconf 87' lang='lat' dir='ltr'>utrique</span> <span class='ocrx_word' id='word_1_341' title='bbox 1036 4103 1124 4166; x_wconf 78' lang='lat' dir='ltr'>generi</span> <span class='ocrx_word' id='word_1_342' title='bbox 1144 4103 1284 4166; x_wconf 80' lang='lat' dir='ltr'>appellatio</span> <span class='ocrx_word' id='word_1_343' title='bbox 1294 4101 1354 4153; x_wconf 81' lang='lat' dir='ltr'>tuit.</span> 
     </span>
     <span class='ocr_line' id='line_1_43' title="bbox 267 4173 1353 4243; baseline 0.006 -23"><span class='ocrx_word' id='word_1_344' title='bbox 267 4175 373 4236; x_wconf 80' lang='lat' dir='ltr'>gratior.</span> <span class='ocrx_word' id='word_1_345' title='bbox 403 4173 549 4224; x_wconf 87' lang='lat' dir='ltr'>‘lutotum</span> <span class='ocrx_word' id='word_1_346' title='bbox 568 4173 641 4236; x_wconf 87' lang='lat' dir='ltr'>spina</span> <span class='ocrx_word' id='word_1_347' title='bbox 658 4183 698 4225; x_wconf 88' lang='lat' dir='ltr'>est</span> <span class='ocrx_word' id='word_1_348' title='bbox 714 4190 789 4242; x_wconf 88' lang='lat' dir='ltr'>aspa·</span> <span class='ocrx_word' id='word_1_349' title='bbox 860 4178 1058 4243; x_wconf 73' lang='lat' dir='ltr'>&#39;MpucaatlsoaJ</span> <span class='ocrx_word' id='word_1_350' title='bbox 1094 4175 1173 4228; x_wconf 85' lang='lat' dir='ltr'>Quasi</span> <span class='ocrx_word' id='word_1_351' title='bbox 1202 4177 1280 4226; x_wconf 73' lang='lat' dir='ltr'>marris</span> <span class='ocrx_word' id='word_1_352' title='bbox 1300 4179 1353 4242; x_wconf 90' lang='lat' dir='ltr'>spi·</span> 
     </span>
     <span class='ocr_line' id='line_1_44' title="bbox 267 4245 1355 4316; baseline 0.001 -19"><span class='ocrx_word' id='word_1_353' title='bbox 267 4245 358 4315; x_wconf 58' lang='lat' dir='ltr'>rugus?</span> <span class='ocrx_word' id='word_1_354' title='bbox 367 4248 452 4314; x_wconf 86' lang='lat' dir='ltr'>iuquit</span> <span class='ocrx_word' id='word_1_355' title='bbox 461 4248 560 4298; x_wconf 89' lang='lat' dir='ltr'>Plinius</span> <span class='ocrx_word' id='word_1_356' title='bbox 572 4261 631 4299; x_wconf 85' lang='lat' dir='ltr'>xxr.</span> <span class='ocrx_word' id='word_1_357' title='bbox 644 4253 684 4299; x_wconf 77' lang='lat'>⁵4.</span> <span class='ocrx_word' id='word_1_358' title='bbox 829 4268 896 4306; x_wconf 86' lang='lat' dir='ltr'>uam.</span> <span class='ocrx_word' id='word_1_359' title='bbox 930 4255 1019 4304; x_wconf 85' lang='lat' dir='ltr'>Diosc.</span> <span class='ocrx_word' id='word_1_360' title='bbox 1031 4267 1063 4304; x_wconf 91' lang='lat' dir='ltr'>rr.</span> <span class='ocrx_word' id='word_1_361' title='bbox 1075 4255 1132 4304; x_wconf 75' lang='lat'>1⁵².</span> <span class='ocrx_word' id='word_1_362' title='bbox 1148 4249 1295 4316; x_wconf 69' lang='grc' dir='ltr'>Ἀηόραγοι</span> <span class='ocrx_word' id='word_1_363' title='bbox 1313 4270 1355 4304; x_wconf 69' lang='grc' dir='ltr'>ιε.</span> 
     </span>
    </p>
   </div>
   <div class='ocr_carea' id='block_1_7' title="bbox 0 0 1546 4864">
    <p class='ocr_par' dir='ltr' id='par_1_11' title="bbox 0 0 1546 4864">
     <span class='ocr_line' id='line_1_45' title="bbox 0 0 1546 4864; baseline 0 0"><span class='ocrx_word' id='word_1_364' title='bbox 0 0 1546 4864; x_wconf 95' lang='lat' dir='ltr'> </span> 
     </span>
    </p>
   </div>
  </div>
 </body>
</html>
