2990 4860
227 326 315 394 2934
592 343 623 388 e.
649 337 770 387 rnrrnr
794 337 957 388 enounnr
1054 340 1058 348 ·

276 501 403 550 nxxn.
423 487 558 564 (xxx.)
580 483 706 548 llessis
727 483 834 567 ipsius
856 483 943 546 ratio
963 478 1068 545 ruris.
1112 475 1319 544 Gsiiinmrn⁸

230 587 415 654 latifundiis
429 585 532 652 vallib
546 585 758 670 pregrandes
773 583 928 648 dentibus
951 583 985 646 in
1009 579 1156 663 margine
1177 578 1320 654 infestis,

232 689 364 758 dnobus
385 689 464 752 rotis
487 707 543 770 per
568 692 710 768 segetem
729 683 953 768 impelluntur,
972 684 1122 767 jumento
1142 681 1177 744 in
1192 683 1322 744 contre·

232 794 317 856 rium
333 789 473 873 juncto:
489 789 539 852 ite
553 788 694 872 dereptre
710 785 886 851 luvellum
902 783 1027 850 cedunt
1041 783 1171 865 spicer-¹
1207 779 1323 862 Stipu-

234 893 298 958 iae⁶
322 890 402 954 aiibi
426 888 547 954 medise
571 887 659 952 falce
684 884 917 970 praeciduntur,
932 894 1032 967 etque
1047 882 1229 954 interdnns
1241 897 1323 944 mer-

235 988 364 1076 gites²f¹
380 992 478 1074 spice
491 989 702 1070 distringitur.
742 987 834 1052 Alibi
850 989 893 1050 ab
909 986 1022 1052 radice
1037 983 1181 1050 vellunt:
1198 981 1324 1065 quique

235 1093 270 1158 id
293 1092 445 1168 iaciunt,³
467 1091 636 1174 proscindi
658 1092 700 1154 ab
727 1109 764 1154 se
789 1089 899 1154 obiter
922 1107 1036 1170 ugrum
1060 1087 1325 1168 interpretantur,

238 1214 312 1259 enm
327 1192 505 1257 extrabant
518 1212 667 1258 succum.
712 1191 911 1256 Differentin
925 1189 1018 1254 brec:
1040 1188 1100 1252 nbi
1119 1187 1249 1270 stipula
1269 1187 1327 1252 do·

159 1300 164 1310 '
237 1314 311 1359 mos
325 1302 516 1375 contegunt,
538 1314 638 1378 quom
662 1294 888 1376 longissimum
908 1299 1054 1356 servant.
1098 1289 1166 1354 Ubi
1181 1288 1264 1354 loeni
1278 1287 1327 1352 in-

239 1398 318 1481 opie
337 1402 398 1474 est,
423 1403 600 1462 strumento
624 1397 758 1480 paleam
779 1402 942 1479 quaerunt.
986 1391 1105 1458 Pnniei
1130 1391 1241 1456 culmo
1260 1409 1327 1454 non

240 1503 365 1579 tegunt.
409 1497 500 1561 Miiii
521 1500 668 1562 culmum
687 1498 752 1562 sere
768 1497 910 1561 inurunt
954 1493 1083 1557 Hordei
1098 1492 1253 1575 stipulum
1267 1491 1330 1554 bu-

239 1601 303 1663 bus
319 1599 541 1680 gratissimam
556 1603 698 1663 servent.
743 1598 906 1662 Panicum
921 1603 955 1660 et
974 1595 1102 1660 milium
1116 1591 1331 1676 singulatim⁴

240 1699 374 1782 pectine
389 1701 555 1764 munueii⁰
568 1701 680 1785 legunt
694 1699 828 1766 Gnliiae.

700 1883 831 1903 ΟΟΝΝΜ
835 1880 878 1902 ue

247 2059 254 2072 .
278 1961 453 2076 cunnum.
487 2002 525 2075 ι’·
537 1985 605 2062 nege
625 2015 659 2050 ex
678 1999 811 2049 natrano:
828 1995 957 2074 senatu·
975 1995 1123 2058 pem-re.
1140 1997 1182 2056 ne
1197 1993 1335 2056 opum,

241 2064 838 2190 sensisseeos
876 2056 1336 2183 ,rttrrrtnnt‘ibb

238 2188 392 2247 faetent-r
411 2191 453 2240 its
465 2205 497 2240 ex
510 2193 585 2242 cedd.
599 2193 747 2242 llsrduinus
758 2201 786 2242 et
798 2160 907 2240 recenti.
926 2188 1049 2250 sigillatim
1060 2188 1175 2237 Gronov.
1186 2193 1213 2236 et
1226 2186 1259 2234 si.
1272 2193 1336 2234 sert.

743 2333 849 2387 NOTAE

280 2438 292 2464 ²
310 2431 454 2494 Galliarum]
471 2431 502 2481 In
523 2431 665 2482 Grilisrum
688 2430 771 2482 tondis
843 2430 855 2464 θ
872 2431 940 2478 Ister
957 2430 1017 2478 dens
1033 2426 1277 2491 srergitss1Mergss
1294 2439 1338 2490 sp·

249 2504 392 2565 istioribns,
404 2505 434 2554 fit
444 2507 599 2568 vehiculum,
608 2521 654 2557 seu
665 2521 773 2571 csrpen·
812 2507 893 2571 pelist
905 2505 1048 2556 Columella
1062 2517 1094 2554 ιι.
1106 2507 1147 2552 si.
1159 2517 1219 2566 psg.
1234 2507 1275 2552 ts.
1287 2499 1339 2550 ser·

249 2589 313 2643 turn,
324 2579 350 2629 in
359 2581 435 2630 rsnni
445 2583 557 2631 scurrili
567 2583 710 2646 grundioris
721 2597 773 2632 mn·
816 2590 931 2632 rsnreuts
947 2577 1074 2630 metendis
1090 2576 1206 2641 frugibus
1228 2577 1338 2628 idonee:

250 2654 321 2714 dnm,
343 2656 415 2717 enjns
438 2656 463 2704 in
486 2655 572 2706 trente
593 2673 639 2708 sen
661 2660 775 2722 nrsrgine
816 2658 896 2707 'Sunt
917 2654 1020 2716 sntem‚'
1037 2655 1128 2719 inquit,
1144 2653 1276 2702 ‘metendi
1296 2667 1341 2716 ge·

250 2729 376 2780 denticuli
385 2733 485 2794 plurimi
497 2748 527 2782 se
539 2736 588 2783 rsri
601 2735 666 2783 siut:
678 2735 703 2783 id
713 2735 776 2784 dun·
816 2747 881 2783 ners
890 2732 1038 2795 compiurs:
1056 2729 1129 2778 mniti
1141 2727 1249 2779 isieibns
1261 2728 1341 2778 serri-

250 2804 299 2855 bns
311 2806 506 2857 rotisbrevibus
518 2805 610 2870 ternu,
629 2809 777 2873 impellente
815 2809 918 2871 coistis,
939 2815 1016 2873 utque
1039 2806 1070 2856 iis
1092 2808 1135 2856 vei
1153 2806 1283 2868 rostrstis,
1302 2805 1342 2855 rei

251 2879 378 2946 bnss‚qni
392 2882 477 2945 eapite
489 2883 514 2931 in
527 2884 669 2933 veiricninnr
681 2899 779 2934 verses
816 2885 990 2942 dentisuistis,
1001 2882 1112 2932 medinm
1120 2884 1233 2932 culmum
1240 2888 1343 2932 neunt:

253 2961 328 3018 tergo
342 2956 423 3019 ipsios
429 2958 494 3020 jugo
505 2967 610 3022 sptetnr
621 2967 649 3007 et
663 2960 780 3023 vineolis,
816 2961 891 3011 nrnlti
902 2958 1011 3022 mergis:
1031 2959 1073 3008 sili
1085 2957 1233 3023 pectinibus
1244 2957 1344 3021 spiesnr

253 3031 298 3095 qrrl
315 3031 350 3080 sit
367 3039 524 3087 mansuetus,
539 3047 587 3082 nee
600 3035 700 3082 mudum
713 3051 780 3084 eom·
817 3039 899 3101 ipssm
919 3033 1026 3099 legrrnt,’
1044 3037 1094 3082 dre.
1127 3033 1236 3082 Festus:
1255 3033 1344 3082 ‘bler-

254 3107 495 3170 pnlsorisexcedst.
520 3107 570 3156 llic
583 3109 625 3157 nbi
639 3111 780 3160 rebicnium
819 3127 867 3176 ge,
884 3111 1003 3173 fruente,
1022 3109 1114 3173 quibus
1135 3109 1223 3158 seerri
1241 3107 1345 3172 frugum

255 3195 304 3245 per
325 3196 422 3230 messes
446 3183 525 3246 erepit
542 3185 684 3248 impellere,
701 3189 781 3236 omnis
818 3190 893 3250 tinnt,
905 3185 1165 3238 dictesrelncribns
1174 3187 1278 3249 mergis,
1286 3185 1347 3251 quis

255 3257 328 3319 spico
346 3259 371 3306 in
392 3268 542 3320 carpentum
560 3261 697 3312 denticulis
713 3279 782 3315 eorn-
818 3271 849 3314 nt
871 3265 907 3314 iiii
929 3263 1002 3314 se'in
1016 3275 1108 3326 squsm
1130 3269 1262 3326 mergunt,
1285 3259 1347 3310 dum

255 3334 383 3398 prebenss
395 3335 625 3402 decidit,sbruptis
635 3340 782 3407 relictisque
820 3341 903 3405 pisces
926 3345 1128 3404 persequuntur,
1151 3339 1189 3388 sie
1220 3352 1348 3388 messores

256 3411 351 3476 psleis:
370 3419 397 3462 et
414 3412 451 3461 its
468 3426 518 3476 per
533 3428 629 3478 psncos
641 3416 692 3466 itus
703 3431 735 3466 se
745 3432 783 3466 re·
820 3417 901 3467 essin
921 3417 1007 3480 iunges
1025 3415 1187 3478 demergunt,
1205 3421 1233 3462 nt
1245 3415 1349 3464 eievsre

256 3488 325 3539 ditus
337 3489 410 3539 brevi
421 3489 539 3539 horarum
552 3491 636 3554 spstio
647 3498 701 3541 tots
718 3506 784 3542 mes·
810 3491 920 3556 possint
931 3488 1093 3553 manipulos!
1126 3489 1238 3539 Pisutus
1249 3489 1275 3538 in
1289 3489 1349 3540 Pre-

257 3565 292 3613 sis
304 3566 434 3627 impletur.
467 3565 508 3615 lte
524 3563 578 3616 t'ere
596 3567 729 3618 Psilnrlins
738 3568 783 3619 lib.
821 3568 881 3617 nnio
895 3580 921 3616 v.
931 3570 956 3615 l.
968 3569 1009 3615 58.
1026 3565 1119 3614 'Psiss
1137 3562 1286 3614 vendendus
1300 3565 1350 3615 sibi

259 3653 310 3691 ιιι.
323 3641 349 3688 in
362 3641 450 3702 Jnnio,
460 3641 534 3692 tini.
547 3657 572 3704 p.
583 3647 639 3692 122.
820 3645 867 3707 sit,
878 3649 906 3692 et
924 3657 1025 3706 merges
1042 3640 1129 3703 dstss,
1138 3641 1177 3690 tit
1194 3642 1299 3692 bortum
1311 3640 1350 3692 l'e·

290 3713 396 3778 Wadi]
415 3715 784 3771 Vniinsiroeleeoseiricnlmn
821 3718 886 3782 dist,
913 3727 993 3783 sique
1019 3725 1048 3767 nt
1071 3715 1226 3767 frumentum
1249 3716 1351 3799 mept!

257 3793 330 3844 nobis
348 3807 405 3843 esse
424 3793 533 3851 videtur,
550 3795 626 3843 rsnnl
640 3797 784 3859 grandioris
823 3798 900 3849 Jnsu.
917 3797 949 3845 de
969 3797 1071 3847 Jnnrrs:
1087 3795 1201 3858 ‘Mergs
1217 3808 1232 3843 ι
1249 3809 1352 3860 merges

257 3869 349 3931 instar,
359 3874 528 3931 compsctnm.
553 3868 653 3918 anlnm
666 3886 712 3935 pro
723 3887 785 3923 son·
824 3874 928 3928 dieitur,
949 3872 974 3921 id
992 3879 1043 3933 est,
1058 3869 1132 3922 suren
1148 3885 1205 3920 enm
1224 3887 1277 3938 qus
1289 3887 1353 3923 none

259 3957 293 3993 no
305 3945 388 3994 Vsrro
399 3944 466 3992 dixit
478 3942 562 3992 delle
575 3943 649 3998 liunt.
660 3960 680 3996 1.
690 3953 730 3998 ⁵2.
823 3949 919 4012 segetis
931 3945 1067 4011 ponsten’

283 4029 302 4094 ¹⁶
318 4021 432 4085 Stlpsiae]
449 4021 534 4071 Verso
555 4021 588 4071 de
611 4024 649 4072 Re
666 4025 742 4074 llnst.
767 4039 785 4075 ι.
857 4033 868 4060 ²
892 4024 990 4074 Periisse
1013 4023 1130 4086 sensuli]
1155 4022 1221 4072 Cum
1248 4024 1354 4086 pertine

261 4101 301 4147 5⁰.
317 4097 365 4147 sub
384 4097 446 4148 urbe
466 4097 548 4149 liunus
566 4098 591 4147 id
609 4098 666 4150 fieri
683 4102 785 4152 solitum
826 4100 939 4164 subdito,
951 4109 980 4152 ut
991 4099 1021 4149 fit
1032 4100 1057 4148 in
1076 4097 1214 4149 tondendis
1224 4099 1353 4151 iromtnnns

207 4227 212 4236 .
262 4172 306 4223 ⁸¹¹·
829 4179 938 4246 capillis,
953 4183 1074 4230 extentes
1085 4175 1165 4242 spice
1177 4178 1354 4241 proscindun-
