3094 4862
268 382 356 448 6616
637 397 668 444 o.
692 395 809 445 aaran
834 395 999 446 sncuunr

271 537 484 622 repudiaturo
498 535 707 602 afferentibus
725 557 839 621 rapum
859 544 1033 604 torrentem
1046 538 1083 602 in
1098 540 1174 604 inco
1188 539 1359 606 inventum

273 637 421 704 Annales
446 639 549 704 nostri
574 639 758 720 prodidere.
801 640 945 722 Scripsit
967 646 1000 704 et
1023 639 1200 706 Moschion
1216 641 1359 706 Graecus

273 758 376 804 unum
399 740 441 804 de
464 739 612 822 raphano
639 742 804 806 volumen.
849 741 1028 807 Utilissimi
1050 743 1085 808 in
1108 743 1193 808 cibis
1214 743 1360 826 hyberno

274 847 422 924 tempore
442 841 691 906 existimantur:
714 841 878 925 iidemque
897 842 1053 906 dentibus
1075 861 1204 925 semper
1221 844 1360 918 inimici,

274 942 430 1025 qnoniam
456 947 607 1007 atterant·
650 943 763 1008 Ebora
785 951 872 1006 certe
888 944 1030 1026 poliunt.
1063 941 1186 1006 Odium
1199 942 1269 1006 his‘
1285 963 1361 1008 cum

273 1042 343 1106 uite
359 1043 553 1120 maximum,
568 1043 750 1126 refugitque
760 1042 862 1125 juxta
876 1053 979 1108 satos.

317 1158 443 1208 xxvii.
466 1143 660 1225 lignosiora
681 1149 757 1208 sunt
775 1143 916 1225 reliqua,
938 1145 972 1206 in
996 1144 1222 1224 cartilaginum
1245 1163 1360 1226 genere

275 1245 408 1312 anobis
421 1247 541 1329 posita.
585 1245 787 1327 Mirumque,
807 1245 959 1308 omnibus
974 1245 1216 1312 vehementiam
1233 1249 1362 1328 saporis

275 1346 396 1410 inesse.
440 1345 493 1410 Ex
509 1346 551 1410 iia
566 1347 749 1427 pastinacae
773 1363 873 1410 unum
892 1366 996 1429 genas
1011 1356 1139 1428 agreste
1154 1354 1272 1428 sponte
1286 1367 1362 1431 pro-

277 1447 387 1510 venit:
410 1442 643 1530 staphylinos⁶
664 1446 783 1512 Graece
807 1447 941 1512 dicitur.
985 1446 1132 1513 Altemm
1154 1449 1290 1514 seritur·
1310 1469 1363 1514 ra·

277 1546 353 1611 dice
381 1548 435 1611 vel
459 1548 592 1626 semine,
621 1547 729 1631 primo
757 1567 836 1612 vere
866 1550 920 1614 vel
948 1555 1128 1614 autumno:
1160 1555 1198 1612 nt
1228 1549 1363 1632 Hygino

277 1647 398 1731 placet,
415 1647 608 1726 Februario,
620 1646 784 1730 Augusto,
798 1651 996 1733 Septembri,
1010 1650 1160 1728 Octobri,
1176 1651 1248 1714 solo
1263 1669 1364 1734 quam

279 1747 441 1814 altissime
456 1748 595 1815 refosso.
625 1750 791 1816 Annicula
805 1752 897 1816 utilis
910 1771 985 1816 esse
998 1751 1125 1834 incipit,
1138 1751 1228 1815 bima
1242 1751 1364 1828 utilior,

279 1851 402 1934 gratior
416 1857 585 1929 autumno,
600 1853 808 1934 patinisque¹
824 1855 980 1930 maxime,
994 1853 1091 1918 etsie
1106 1871 1239 1936 quoque
1250 1852 1364 1916 virus*-

278 1952 330 2018 illi
354 1951 582 2017 intractabile*
604 1959 667 2016 est.
713 1949 910 2017 Hibiscumf
933 1973 956 2018 e
980 1954 1157 2036 pastinaca
1181 1953 1364 2034 gracilitate

280 2053 391 2128 distat,
417 2051 603 2121 damnatum
634 2054 669 2117 in
694 2053 792 2131 cibis,
824 2054 883 2118 sod
909 2055 1083 2120 medicinae
1109 2055 1197 2120 utile·
1242 2054 1304 2120 Fst
1329 2062 1365 2118 et

281 2161 434 2238 quartum
447 2161 482 2200 ³⁸
502 2173 602 2235 genus
627 2155 662 2220 in
687 2155 801 2220 eadem
825 2156 1040 2222 similitudine
1053 2156 1248 2241 pastionem,
1262 2174 1364 2240 qnam

314 2359 326 2383 ⁰
341 2352 424 2416 Sopor.

730 2407 914 2454 imm!

316 2562 382 2613 Car.
397 2575 486 2611 rxvrr.
519 2566 532 2611 l
552 2561 615 2612 cod.
632 2561 720 2612 halec.
737 2563 826 2624 peteo
836 2567 962 2626 qaum-a
979 2562 1042 2612 Cod.
1056 2563 1147 2624 Deice.
1158 2561 1196 2610 eis
1206 2561 1243 2610 itti
1253 2563 1367 2610 mermes·

282 2627 392 2676 litia-t
409 2627 455 2676 Est
470 2631 550 2678 mort
559 2631 668 2690 quartam
682 2639 769 2690 mergo
789 2626 848 2677 edd.
868 2629 958 2678 Delec.
976 2635 1004 2677 et
1024 2627 1186 2677 Gronau-t
1203 2625 1268 2676 eod.
1280 2627 1369 2675 belec.

774 2808 877 2859 Nom

315 2929 326 2956 ⁶
353 2922 439 2972 ortua
460 2921 509 2985 lic]
534 2921 664 2986 Raphenis
687 2922 802 2972 scilicet:
874 2917 1372 2983 ‘Attanuritnr1Partinacarativa,

283 3013 332 3048 nec
350 3000 433 3048 rninus
456 2998 586 3059 bramicoe,
612 2998 650 3048 uti
671 3012 704 3047 err
722 2999 804 3046 Theo·
844 2995 1371 3060 quainGalliarnlgoPsnnirnomiratnr.

283 3075 390 3137 phrasin
402 3072 520 3132 vidimus,
536 3085 609 3122 xrn.
622 3077 663 3122 67.
674 3082 700 3122 et
711 3089 743 3122 ex
755 3073 807 3123 Pli·
847 3071 988 3132 nonense,
1014 3085 1041 3133 p.
1053 3074 1110 3120 aaa
1131 3069 1268 3120 Pertinace
1287 3071 1370 3120 natira

284 3150 328 3198 nio
340 3151 397 3212 ipso
407 3148 710 3209 visurisumus,xxrv.l.
728 3150 807 3198 ‘Per-
846 3145 954 3195 latifolia
962 3152 1011 3195 ert.

284 3224 389 3272 nictelia
408 3229 436 3272 et
456 3223 574 3272 brassica
591 3238 648 3274 cum
667 3225 720 3273 rite
733 3224 809 3274 odia)
880 3219 1038 3284 thomna]
1056 3219 1310 3270 Pertinaeclatiiblia
1322 3221 1372 3284 syl·

286 3297 418 3348 Palladius
435 3296 481 3346 lib.
496 3310 536 3346 rx.
555 3297 580 3345 in
592 3296 720 3360 Angusto,
732 3299 772 3348 tit.
783 3305 808 3351 t.
848 3297 942 3346 vestris
955 3295 1142 3346 Dodonreilraec
1152 3303 1202 3360 est,
1210 3311 1235 3360 p.
1246 3300 1306 3346 666.
1323 3297 1372 3346 Ρι-

284 3372 455 3436 ‘Raphanum
478 3379 572 3435 tamen,
590 3373 645 3422 sive
663 3373 809 3431 brassicam,
847 3372 1022 3432 nbmwnge.

286 3455 389 3499 constat
405 3462 464 3498 esse
483 3448 576 3498 ritibus
587 3449 731 3498 inimicnmr
749 3464 807 3501 nam
879 3455 892 3491 Ι
908 3448 988 3496 Ertet
1003 3444 1122 3510 ewam]
1141 3445 1171 3494 ln
1184 3459 1215 3494 eo
1224 3460 1320 3508 genere
1333 3451 1375 3496 ert

286 3526 308 3574 ri
328 3523 399 3574 eirca
415 3531 583 3583 sererentur,
599 3531 691 3574 natura
710 3524 807 3577 discor·
847 3524 909 3576 illud
922 3523 988 3572 hand
998 3530 1153 3585 postremam
1165 3521 1233 3586 qood
1242 3523 1320 3586 vulgo
1328 3537 1374 3572 nn·

286 3601 364 3649 dante
385 3599 534 3664 refugiunt!
559 3597 672 3662 'Pdporor
693 3601 726 3649 de
744 3601 807 3650 brar·
848 3604 901 3647 tum
915 3598 1130 3652 Corotnnomiue,
1146 3603 1173 3644 et
1192 3597 1274 3646 Dauci
1293 3597 1374 3647 offlei-

285 3676 336 3725 sicu
353 3683 425 3724 recte
442 3675 554 3737 accepit.
587 3674 639 3724 Sed
656 3681 683 3724 et
695 3675 807 3737 raphano
847 3688 946 3735 narrum,
964 3679 993 3722 nt
1010 3681 1082 3721 recte
1098 3669 1261 3734 Anguillara,
1278 3687 1333 3734 par.
1351 3676 1375 3721 1.

287 3751 391 3814 proprie
412 3749 491 3806 dicto,
505 3749 554 3798 hoc
571 3757 623 3812 ert,
637 3749 750 3812 morht,
770 3751 808 3800 tis
849 3763 907 3812 pag.
927 3751 983 3798 tae.
1001 3745 1124 3809 praedulci
1144 3743 1240 3805 radice,
1258 3745 1375 3802 odorata,

286 3825 377 3875 erdem
389 3832 437 3875 est,
461 3854 467 3859 -
848 3824 925 3883 lutea,
947 3821 1012 3876 rufa.
1031 3822 1073 3870 vet
1093 3818 1218 3868 interdum
1234 3834 1375 3883 purpurea,

318 3899 329 3934 ‘¹
347 3901 508 3966 Stnplytinos]
524 3900 670 3960 &sorabos
681 3899 808 3949 Athenaeo
849 3915 924 3966 quam
941 3915 998 3950 cum
1017 3897 1101 3948 farina
1115 3901 1142 3944 et
1153 3897 1215 3964 olen
1229 3894 1330 3959 frigunt
1340 3896 1374 3946 ad

286 3977 331 4027 lib.
342 3991 380 4027 rx.
391 3992 416 4040 p.
425 3980 481 4026 671.
506 3976 573 4025 llrec
584 3977 716 4039 pastinaca
726 3978 809 4025 tenui·
849 3989 1082 4026 mensrrnmnsus:
1098 3978 1255 4021 catenatam
1272 3973 1299 4023 in
1317 3987 1376 4023 aco-

286 4051 347 4102 teti·
358 4053 500 4116 sylvestris,
509 4067 566 4116 qum
577 4051 808 4115 pinp‘turaDodo·
849 4062 877 4103 to
888 4061 916 4102 et
932 4053 989 4103 oleo
1006 4049 1140 4100 nrandunt.
1173 4048 1320 4098 Teunifolia
1335 4063 1375 4098 se·

287 4141 354 4182 uno.
368 4141 428 4190 pag.
443 4131 500 4177 668.
519 4130 574 4178 risa
585 4143 601 4178 a
611 4128 684 4180 nohis
695 4129 720 4180 in
735 4130 810 4180 horto
850 4129 904 4176 tiva
914 4127 1047 4190 pastinaca
1058 4123 1151 4175 dicitnr
1159 4123 1306 4188 Dodonaeo,
1314 4138 1376 4192 pag.

289 4201 381 4268 Regio.
850 4207 906 4254 667.
