3032 4858
301 386 389 454 8283
665 400 699 450 c.
722 397 842 447 ouran
864 396 1028 446 eneusnr

302 544 408 610 ferina
440 541 516 626 ejus
549 547 703 606 utuntur:
734 559 812 605 curn
845 536 952 614 rino,⁶
985 537 1027 600 ad
1062 536 1190 612 claros,
1227 535 1281 600 vel
1314 553 1387 601 rer·

305 661 412 721 rucas,
436 643 608 724 triduoque
633 660 695 705 uon
724 640 876 706 solvitur.
920 637 1057 701 Halitus
1082 637 1150 701 oris
1175 636 1385 700 commandu-

305 749 382 808 cata
397 743 522 818 abolet,
537 743 731 823 alarumque
745 741 835 804 vitia.
878 739 987 802 Suoco
1001 737 1142 802 duritias
1155 755 1271 800 omues
1286 736 1387 800 ernol-

304 843 352 910 lit
397 838 577 906 Somnuml
599 841 764 917 conciliat,
779 839 838 903 sed
860 840 1039 922 genituram
1062 835 1247 903 consumit.¹
1290 837 1386 902 Sedis

305 944 415 1018 rimas,
430 947 463 1005 et
475 937 732 1025 condylomata,1
754 941 932 1024 omniaque
946 941 980 1004 in
994 959 1133 1024 corpore
1158 940 1389 1004 excrescentia

306 1048 409 1108 senat.
442 1041 529 1106 Sunt
542 1043 599 1123 qui
614 1042 819 1124 sylvestrem,
834 1043 933 1125 xyrin
950 1037 1096 1106 vocent-¹¹
1129 1040 1280 1104 Strumae
1296 1037 1388 1114 boec,'

306 1143 362 1211 vel
387 1162 503 1225 panos,
528 1142 583 1206 vel
609 1141 741 1222 inguina
766 1141 913 1207 discutit.
958 1141 1167 1224 Praeoipitur,
1194 1143 1232 1204 ut
1256 1139 1390 1204 sinistre

306 1261 406 1308 mauu
428 1243 472 1305 ad
493 1242 553 1306 bos
576 1251 678 1306 usus⁷
699 1251 843 1319 eruetur,
864 1243 1124 1324 colligentesque
1145 1241 1271 1317 dicant,
1294 1240 1389 1322 cujus

299 1342 449 1406 nominis
464 1342 578 1424 utique
591 1359 695 1406 eausa
709 1343 866 1406 eximant.
910 1343 1031 1406 Scelus
1045 1341 1293 1406 herbariorumm
1309 1359 1389 1422 ape-

305 1441 428 1506 rietur8
451 1441 485 1506 iu
508 1442 571 1506 bec
593 1443 771 1506 mentione.
815 1441 972 1506 Partem⁹
994 1442 1068 1524 ejus
1091 1447 1233 1518 servant,
1256 1449 1293 1504 et
1307 1459 1390 1523 qua·

306 1542 442 1606 rundem
466 1544 604 1608 aliarum
625 1542 809 1618 herbarum,
830 1544 918 1608 sicut
940 1542 1158 1627 plantaginis:
1179 1546 1214 1606 et
1228 1542 1258 1604 si
1273 1559 1389 1623 parum

304 1642 468 1709 mercedis
483 1644 601 1708 tulisse
624 1661 661 1706 se
684 1643 890 1718 arbitrantur,
903 1663 1082 1726 rursusque
1095 1662 1180 1726 opus
1195 1649 1391 1725 quaererem

305 1751 431 1828 partem
445 1762 518 1808 eam
531 1762 628 1824 quam
645 1762 829 1820 servavere,
844 1744 961 1807 eodem
975 1745 1053 1808 loco
1068 1742 1255 1807 infodiunt:
1277 1740 1389 1818 credo,

306 1851 345 1908 ut
358 1843 466 1921 vitiu,¹¹
487 1863 563 1927 quae
576 1844 773 1921 sanaverint,
787 1843 913 1909 faciam
925 1844 1092 1908 rebellare.

759 2005 933 2028 &vertunno

306 2125 417 2171 sanato
428 2117 553 2169 Hardulu.
566 2123 589 2168 i.
600 2121 624 2169 ἱ.
635 2123 658 2168 t.
670 2125 698 2168 et
710 2124 870 2170 reccath-6
887 2118 969 2170 Cbilli.
980 2125 1087 2168 ter-urire
1097 2119 1123 2168 ia
1134 2109 1245 2168 viia-r
1263 2118 1305 2167 ltu
1317 2119 1392 2168 codd.

307 2183 435 2234 Herduini
447 2191 474 2233 et
491 2183 579 2233 Deles.
590 2196 647 2233 oum
657 2181 717 2235 edd.
730 2183 855 2234 llerdniu.
866 2188 889 2232 1.
900 2189 924 2233 u.
936 2188 960 2232 8.
972 2191 999 2232 et
1011 2191 1122 2234 recentt.
1144 2184 1243 2231 einim
1253 2197 1323 2231 m
1331 2185 1390 2232 terte

305 2250 337 2299 ed
348 2249 389 2297 loe
400 2262 454 2296 aare
465 2247 616 2298 tironensi
626 2248 711 2310 rulgg.
745 2249 819 2310 Mox,
831 2247 888 2298 eod.
900 2248 987 2296 Doleo.
1002 2253 1108 2297 sondro
1119 2261 1165 2310 pru
1175 2251 1331 2296 ersom-8
1347 2247 1390 2296 lte

306 2311 381 2361 codd.
398 2311 532 2366 lietduini,
548 2310 638 2360 Doleo.
655 2319 682 2360 et
693 2310 777 2360 Cbilll.
788 2326 845 2361 cora
857 2312 915 2360 edd.
928 2311 1054 2360 lierdnin.
1067 2317 1089 2360 l.
1098 2315 1122 2361 ἱ.
1133 2314 1157 2358 3.
1169 2317 1197 2359 et
1209 2319 1321 2358 reoeutt.
1337 2325 1389 2374 epe·

306 2375 370 2423 ritae
380 2374 496 2425 Gronov.
504 2381 531 2425 et
542 2375 676 2439 reign-t
692 2377 780 2425 Portos
790 2373 938 2426 cnidi-ru
954 2374 1017 2424 (lod.
1028 2375 1117 2426 Doleo.
1128 2389 1210 2424 rerem
1220 2380 1248 2422 st
1258 2375 1314 2438 pise
1323 2387 1390 2437 ομι

306 2438 436 2502 ocqaimt

795 2534 904 2588 NOTAE

338 2627 350 2660 ¹¹
367 2628 489 2694 Sem]
507 2630 592 2681 Dieuc.
604 2631 654 2681 loc.
665 2632 711 2682 cit.
866 2633 910 2697 qul
922 2631 1034 2681 medicus
1051 2631 1143 2681 herbas
1153 2631 1251 2694 legunt,
1263 2629 1390 2680 venduut·

338 2702 408 2752 ’Μ
426 2705 561 2766 garrera
580 2707 706 2768 misit]
731 2707 827 2757 Consu·
867 2721 925 2770 qne.
958 2709 1083 2758 Firminus
1098 2709 1211 2756 vernt&
1229 2706 1389 2755 ‘llerburioe

306 2781 459 2845 urendoque,
481 2795 512 2830 ne
531 2780 628 2837 effluet,
649 2783 720 2832 tacit.
751 2783 827 2834 Unde
865 2781 955 2843 saciet,
965 2785 1008 2846 qui
1021 2785 1119 2832 scilieet
1128 2782 1221 2831 berbus
1232 2781 1324 2832 solerti
1334 2787 1389 2830 arte

306 2855 395 2904 Dieuc.
414 2856 462 2902 loc.
480 2855 524 2904 cli.
542 2855 658 2905 auxiliari
680 2858 717 2906 eit
736 2857 827 2907 iridem
865 2859 988 2908 collectus
1009 2859 1042 2908 ed
1071 2858 1196 2906 medeleru
1217 2854 1389 2906 laborantium

307 2935 394 2990 potem
416 2927 457 2988 iis,
478 2928 571 2992 qulbus
594 2931 712 2994 geniture
736 2930 826 2987 effluit,
866 2933 988 2982 servent!
1010 2931 1388 2995 Grneiitrertpmetflwm·

306 2999 357 3053 reis
365 3001 437 3064 γόνον
447 3003 595 3066 προϊεμένοις.
865 3009 1065 3069 adrovsvocuut.
1097 3006 1168 3056 Attea
1179 3006 1302 3056 herberius
1310 3005 1388 3054 etim

336 3077 345 3122 l
364 3079 397 3129 Et
416 3078 586 3142 condylomata]
602 3079 747 3129 Scribonius
764 3082 825 3131 Ler·
867 3083 1004 3133 veneticum
1013 3090 1095 3132 sonat.
1127 3081 1196 3132 Vide
1208 3081 1388 3144 ltu-cangium

306 3168 353 3218 que
372 3155 491 3217 Compos.
507 3159 563 3204 22⁶.
580 3155 612 3202 ud
631 3155 824 3219 condylomate:
866 3159 892 3208 in
905 3159 1045 3208 Glossario.

305 3229 412 3278 ‘Multis
433 3236 460 3279 et
480 3229 523 3278 iris
541 3237 655 3285 contuse,
676 3239 751 3280 etex
769 3233 827 3282 rino
897 3241 910 3266 ¹¹
934 3235 1017 3294 credo,
1038 3237 1064 3280 ut
1084 3231 1157 3296 nitio]
1190 3233 1330 3295 Emeritos,
1350 3231 1388 3281 in·

306 3304 396 3366 urium,
412 3311 495 3360 cocta,
512 3310 539 3354 et
554 3305 637 3367 perita
653 3306 726 3355 velut
742 3304 827 3357 furiae
865 3309 930 3374 quit,
948 3309 1149 3371 colligentesque
1165 3307 1351 3366 semiorbem,
1367 3309 1388 3357 si

304 3379 449 3430 bordeeeee
470 3377 585 3443 profuit?
617 3379 768 3444 neritinus,
781 3395 825 3430 ex·
865 3385 959 3438 dicent.
971 3385 1043 3446 cajus
1053 3383 1162 3433 bominis
1178 3384 1389 3444 censuerimeut,

305 3455 447 3504 crescentia
464 3456 550 3504 curuis
565 3461 605 3503 eet
616 3457 780 3512 tirrannum,
798 3463 826 3507 et
865 3459 988 3522 prodesse
1004 3473 1074 3522 egro
1087 3467 1140 3508 tum
1151 3459 1307 3508 credemur:
1327 3458 1387 3524 quid

305 3530 441 3580 tubercula
452 3529 569 3593 quendum
581 3530 606 3578 lu
618 3530 681 3580 loris
695 3531 825 3581 muliebri·
864 3535 943 3598 igitur
960 3533 1155 3583 existimandum
1173 3540 1214 3583 eet
1231 3533 1301 3584 eliud
1321 3535 1387 3582 eelle

304 3603 354 3655 bae
372 3604 519 3668 sauguinem
537 3603 684 3654 fundentia:
702 3605 740 3655 sic
755 3606 825 3657 dictu
864 3607 986 3672 eos,dum
1004 3606 1131 3657 infodiunt
1147 3622 1232 3657 rursm
1249 3609 1340 3657 eodem
1352 3609 1388 3659 lo-

306 3679 681 3729 ueimilitudineextremorum
697 3681 825 3745 iuquntu·
864 3699 905 3746 oo,
927 3685 969 3732 obi
992 3699 1081 3746 perum
1103 3683 1229 3732 mercedis
1248 3684 1338 3733 tulisse
1360 3698 1389 3733 ee

304 3754 766 3819 ordigitiupuquocluueonodorum.
864 3759 981 3816 credunt,
1002 3773 1077 3822 quam
1100 3757 1224 3806 rebellare
1244 3758 1337 3808 itemm
1356 3773 1387 3808 ec

336 3830 348 3863 ¹
366 3831 447 3894 Xpria
458 3829 548 3893 mest]
565 3828 630 3894 flopb
640 3837 680 3880 est
694 3831 825 3883 Dioscori-
864 3833 1042 3884 recrudescere
1061 3846 1105 3880 eos
1122 3833 1233 3892 morbos,
1250 3847 1315 3896 quoe
1326 3841 1387 3883 unte

306 3907 433 3958 diram.
862 3907 1025 3960 euuureriut?
1059 3905 1159 3958 Horum
1177 3905 1312 3956 uerborum
1329 3909 1385 3973 quis

339 3982 346 4017 ¹
361 3983 470 4032 &nm
480 3981 540 4045 iao]
549 3981 825 4039 Collectioueeounues,
863 3991 930 4032 esset
942 3995 1040 4040 sennua,
1052 3989 1096 4028 eut
1105 3995 1156 4044 quo
1164 3981 1207 4029 iliu
1215 3982 1385 4044 pertinerent,

304 4057 425 4118 obtinuere,
443 4072 474 4107 eu
491 4056 609 4121 appositu
626 4057 719 4108 discuti
736 4067 825 4110 ructor
862 4059 974 4122 urgebat
996 4056 1134 4105 Sutmuains
1152 4069 1180 4103 se
1198 4057 1344 4120 percipere,
1357 4057 1385 4106 iu
1462 4113 1467 4120 ¹

305 4133 560 4183 eetDioeo.loc.cit.
863 4131 1031 4182 Praenes-cit.
1052 4129 1086 4178 ed
1112 4129 1235 4192 Plinium,
1257 4144 1317 4194 pop.
1341 4135 1383 4180 ot.

338 4214 356 4240 ¹
373 4207 629 4272 borinum]
637 4207 756 4260 lietberti
765 4215 825 4260 sunt
863 4207 970 4271 Pilutus,
990 4207 1023 4257 tle
1048 4205 1181 4257 butrecbio
1207 4204 1296 4262 herbe,
1315 4217 1383 4257 nr.
