3048 4864
271 393 357 460 81118
632 403 665 450 c.
689 399 806 449 aaran
830 397 998 448 securint

272 567 426 616 mensura
447 544 664 631 dysentericis
686 543 830 627 prodest.
874 541 975 625 Aqua
989 547 1024 606 et
1047 560 1067 604 e
1089 538 1224 604 radice*
1248 545 1356 604 coctas

272 652 424 718 maculas
438 649 580 713 vestium
596 646 664 711 elui
678 645 804 722 dicunt,
819 645 967 728 itemque
981 644 1269 708 membranarum.l

246 759 251 770 ’
317 767 435 818 xxix.
459 748 572 812 intubi
586 753 740 831 queque·
761 763 826 811 non
847 750 945 809 extra
958 745 1103 809 remedia
1118 751 1205 808 eunt.
1228 747 1357 812 Saccus

272 850 409 920 norrunb
423 869 498 916 eum
512 866 650 912 rosaceo
665 856 700 912 et
713 853 808 912 aceto
830 847 950 930 capitia
971 846 1101 911 dolores
1114 845 1205 910 lenit.
1248 847 1359 912 ldem-

272 975 338 1039 que
354 972 430 1018 cum
454 951 574 1016 vino¹⁸
593 957 704 1033 potus,
719 949 888 1033 jocineris,
909 955 943 1012 et
964 948 1107 1012 vesicas:
1130 952 1164 1011 et
1186 948 1359 1031 epiphoris

190 1043 193 1050 ’
271 1056 458 1138 imponitur.
502 1052 687 1116 Erreticum
702 1049 791 1133 apud
803 1069 865 1113 cos
880 1049 1015 1134 qnidam
1030 1049 1218 1112 ambulum²
1240 1052 1357 1132 appel·

272 1152 411 1219 lavere.‘¹
454 1154 496 1217 Iu
519 1154 669 1236 AEgypto
698 1151 880 1215 cichorium
902 1157 1047 1222 vocant:
1075 1149 1169 1233 quod
1195 1151 1358 1234 sylvestre

272 1256 335 1320 sit:
356 1256 497 1320 setinum
514 1259 624 1318 autern
639 1253 737 1328 nerlu,
752 1250 842 1334 quod
858 1255 908 1314 eat
921 1250 1032 1314 miuus
1046 1255 1079 1312 et
1093 1249 1258 1313 venusius.

316 1371 419 1420 xxx.
441 1349 653 1420 cichorium‘
665 1353 847 1432 refrigerat.
890 1351 930 1414 Iu
945 1350 1022 1414 cibo
1037 1356 1183 1414 sumtum
1197 1355 1232 1414 et
1239 1349 1358 1415 illitum

273 1457 498 1534 collectiones,
513 1471 703 1536 succusque
718 1452 871 1518 decocti¹
887 1449 1155 1516 ventremsclrit.
1197 1449 1219 1513 J
1222 1450 1357 1526 ociueri,

273 1563 306 1622 et
324 1559 482 1634 renibus,²
503 1566 536 1620 et
550 1555 723 1621 stomacho
742 1554 893 1637 prodest.
937 1551 1021 1616 Item
1042 1553 1072 1616 si
1086 1553 1119 1616 iu
1141 1559 1237 1620 ecem
1262 1551 1359 1615 deco·
1387 1631 1398 1646 .
1504 1533 1505 1592 i

272 1666 404 1742 quatur,
427 1658 530 1721 uncae
552 1656 694 1721 tormina
720 1654 871 1720 discutit.
913 1650 1002 1719 Item
1023 1653 1174 1717 morbum
1193 1651 1358 1733 regiume

273 1757 395 1834 mulso,
418 1756 448 1820 si
473 1758 546 1820 sine
571 1757 661 1820 lehre
691 1757 747 1820 eit.
790 1755 950 1820 Vesicam
974 1754 1123 1838 adjuvat.
1181 1751 1358 1816 Mulierum

274 1858 408 1941 quidem
428 1857 682 1941 purgationibus
703 1855 880 1921 decoctum
904 1857 938 1920 iu
952 1874 1042 1938 aqua
1063 1853 1147 1918 adeo
1161 1852 1309 1938 prodest,
1323 1861 1362 1918 ut

731 2017 901 2038 ”omn

275 2142 303 2184 et
322 2133 415 2183 Fraus.
429 2133 553 2196 minatis
569 2135 707 2196 meinent
723 2133 838 2184 Gronov.
855 2142 883 2184 et
897 2136 933 2184 sl.
946 2140 1012 2183 rett.
1031 2135 1132 2196 guma
1147 2132 1285 2194 usnemu
1301 2134 1359 2182 vet.

276 2198 415 2248 valen-l
434 2199 525 2249 Deles.
536 2213 589 2247 cum
599 2199 687 2260 radim,
698 2213 789 2260 nempe
798 2199 909 2248 arethio.

307 2263 375 2312 ΟΛ».
394 2273 477 2312 ιιιι.
510 2267 523 2311 1
542 2263 584 2311 lta
601 2263 675 2312 cedd.
690 2263 817 2312 lietduini
828 2271 855 2311 et
866 2259 950 2311 chiffl.
962 2273 1020 2310 curn
1032 2259 1090 2309 edd.
1110 2259 1278 2308 lietduini.
1295 2265 1320 2310 ².
1335 2265 1359 2309 t.

274 2333 303 2375 et
323 2332 432 2375 receutt.
465 2325 532 2374 ldess
549 2341 601 2374 ease
617 2327 671 2376 eisc
689 2327 804 2376 Gronov.
823 2333 850 2375 et
867 2326 899 2375 sl.
916 2333 981 2374 vett.
1013 2323 1087 2384 hloa,
1100 2323 1204 2382 jeeissri
1214 2321 1360 2373 (irenes.-

274 2391 399 2452 thlsrgo
418 2387 478 2440 edd.
496 2389 588 2439 Dslec.
607 2397 635 2438 et
652 2390 767 2442 Gronov.
783 2389 936 2466 esshhsin,
953 2402 970 2438 e
988 2386 1077 2438 celso.
1097 2385 1180 2438 chiffl.
1199 2387 1362 2445 enham:

275 2453 391 2503 Gronov.
402 2460 429 2501 st
441 2454 473 2502 el.
485 2459 544 2502 aute
556 2451 684 2504 Harduie.
694 2455 835 2517 naham.

308 2517 376 2565 cnr.
393 2528 464 2565 xxx.
498 2519 509 2564 l
529 2517 589 2565 Vet.
602 2517 939 2568 [inseminati—s
955 2513 1068 2566 ltaetlsl.
1079 2519 1145 2564 vett.
1162 2513 1277 2564 Grecos.
1294 2515 1360 2564 llar-

275 2578 346 2630 eluiu.
366 2583 388 2628 1.
407 2586 436 2628 et
454 2578 558 2643 Bipcut.
581 2579 695 2638 iocineri,
712 2583 816 2644 emtas,
832 2581 925 2632 eruisse
943 2577 1133 2644 conjunctione,
1153 2575 1282 2628 llsrduiu.
1297 2583 1322 2630 t·
1337 2583 1362 2629 t.

765 2731 871 2784 NOTAE

275 2836 304 2881 et
323 2829 437 2880 Galenus
456 2829 490 2881 (le
508 2831 610 2881 Faealt.
631 2829 713 2895 simp.
728 2828 801 2880 Med·
840 2843 937 2889 omnes,
946 2845 1009 2894 quos
1019 2831 1135 2888 vidimus,
1144 2831 1217 2896 qussi
1226 2829 1308 2881 indita
1318 2845 1362 2894 sp·

274 2905 293 2954 l.
305 2917 392 2968 n11.p.
403 2908 461 2955 2⁰1.
838 2905 977 2970 pellatlcue
996 2905 1029 2956 ah
1049 2906 1213 2968 ambulando,
1233 2920 1285 2970 qne
1302 2905 1363 2954 satis

308 2986 320 3012 ¹
336 2979 442 3043 ltsasque
452 2979 648 3043 mhusurass]
663 2980 801 3044 Pergama·
839 2988 901 3044 apte
912 2981 1033 3030 eosvenit
1043 2995 1100 3030 cnm
1112 2983 1196 3031 slters
1210 2980 1315 3031 erratici
1326 2980 1363 3028 iu·

275 3067 366 3105 narum
376 3055 579 3106 membranarum
596 3057 648 3106 elui
664 3057 751 3106 sordes
762 3059 801 3108 sit
839 3054 894 3105 tubi
905 3055 1116 3106 nomenclatione.
1142 3053 1364 3104 lidemtsuresli·

276 3143 344 3192 sque
355 3145 396 3193 es,
407 3131 432 3178 ln
444 3145 562 3195 quaeum
573 3132 800 3184 emradieeeoets
839 3129 879 3180 brt
898 3131 924 3179 lu
942 3130 1042 3194 Iudice,
1060 3129 1201 3180 Anhshn's.
1225 3130 1318 3180 celsus
1333 3143 1363 3178 n.

275 3202 336 3252 bete
347 3204 390 3252 sit.
840 3210 881 3256 ⁸⁰.
897 3207 906 3236 ‘
919 3207 967 3255 Vel
976 3205 1089 3268 intubus,
1101 3207 1141 3254 sel
1154 3203 1306 3266 ambuheis‚'
1314 3217 1363 3254 nce

308 3277 419 3327 *talahi
429 3278 528 3343 paoem]
554 3278 663 3329 lntuhus
678 3282 719 3332 rel
731 3281 799 3332 lutu-
840 3282 927 3332 semel.
951 3283 999 3331 Est
1018 3281 1155 3331 eitherium
1172 3281 1300 3345 sylvestre
1311 3281 1364 3328 sive

276 3353 337 3404 bum
350 3353 458 3415 Latinis,
472 3368 566 3418 genera
582 3354 635 3404 (luo
650 3357 800 3420 complecti·
841 3357 920 3420 picris
930 3357 1066 3413 budecal,
1076 3371 1104 3420 p.
1114 3359 1171 3407 eat.
1187 3356 1301 3405 Gtiesrte
1311 3369 1363 3404 sss·

277 3437 334 3480 tur:
351 3429 469 3486 sativum.
480 3430 536 3480 sire
553 3431 636 3480 seria:
655 3439 683 3482 et
692 3433 801 3483 cichori-
839 3448 908 3494 euge.

276 3520 329 3566 ans,
338 3505 406 3569 quosl
419 3505 546 3570 sylvestre
557 3506 610 3555 sire
621 3507 768 3558 erraticum.
872 3513 884 3542 ⁸
899 3507 930 3556 ln
943 3509 1049 3572 AEmtc
1063 3507 1191 3558 eielodsn
1206 3505 1303 3569 ment]
1319 3508 1365 3557 Er·

308 3578 425 3629 basem
442 3579 533 3643 smum]
550 3579 649 3630 Plinius
665 3580 753 3632 valer.
768 3581 800 3630 ed
841 3585 949 3633 reticere
968 3584 1068 3634 scilieet
1086 3583 1298 3644 illucescendo
1315 3597 1364 3646 quc

277 3653 393 3715 verbum,
404 3667 443 3703 ιν.
455 3657 494 3704 ll.
506 3655 539 3703 de
551 3654 652 3704 intubo.
841 3659 938 3708 (lictum
947 3660 1073 3723 proxime.
1093 3659 1132 3708 lta
1140 3657 1255 3708 Galeam
1263 3657 1296 3706 oe
1305 3658 1366 3706 Fae.

308 3736 319 3762 ⁶
336 3729 583 3793 [desquamatur]
604 3730 702 3778 Plinius
712 3731 800 3782 Valer.
839 3733 919 3796 simp.
936 3733 1032 3784 Medic.
1051 3735 1068 3784 l.
1080 3746 1142 3784 vrit.
1160 3747 1188 3796 p.
1198 3737 1257 3784 est.
1273 3731 1366 3796 amplis

277 3806 326 3856 loe.
337 3807 381 3855 eit.
399 3805 519 3856 ‘Jeeoris
530 3813 558 3855 et
576 3806 669 3856 resices
685 3808 747 3856 sitia
762 3809 800 3857 in·
840 3819 866 3859 et
890 3809 998 3872 κιχόριον
1019 3818 1095 3860 secat
1115 3810 1243 3874 sylvestre
1267 3823 1365 3870 pectus:

278 3883 353 3931 tubus
374 3895 432 3930 enm
455 3880 513 3929 rinc
534 3878 639 3928 haustus
659 3881 800 3930 emendat!
839 3884 903 3949 cipe
917 3888 1037 3935 estivam.
1064 3886 1216 3949 Quanquam
1234 3892 1263 3933 et
1282 3886 1366 3950 ipsum

276 3955 799 4018 meod.Priselau.ltn11.panes.c.rs.
840 3963 965 4025 sylvestre
981 3962 1120 4011 cichorium
1139 3958 1228 4010 Aetius
1245 3959 1314 4025 cipes
1323 3977 1365 4010 ro·

277 4039 284 4060 ‘
296 4034 393 4084 lutubs
410 4033 562 4098 frequenter
573 4041 687 4084 comesta
698 4049 800 4099 semper
839 4045 893 4087 eat.

278 4108 410 4170 hepaticus
417 4110 528 4172 jurant!
870 4110 880 4145 ¹
903 4112 1050 4175 Cielsrtass]
1075 4109 1218 4161 mileum
1242 4111 1364 4164 videlieet

311 4183 462 4238 drauum
482 4189 637 4253 appellem]
672 4189 715 4240 Ite
735 4189 799 4239 Mes.
837 4187 1122 4254 intubum,slvesupts.
