3048 4864
279 389 366 456 3084
643 405 674 452 o.
697 402 820 452 rnrsrr
845 401 1007 453 sueusnr

280 565 416 612 succum
430 546 537 630 ipsius
551 545 681 632 cyathis
694 546 783 612 binis
798 552 913 612 contra
926 545 1140 629 phthiriases:
1162 546 1364 630 phlegmonit

279 648 374 730 ipsos
386 647 511 712 illinere
523 655 628 726 tusas,
639 647 738 713 livori
749 645 850 712 verod
867 648 990 712 recenti
1002 647 1159 713 corticem
1172 667 1248 712 cum
1255 650 1365 714 melle:

279 750 482 812 veternosis·
497 755 716 832 antemquam
727 751 904 814 acerrimos
916 749 1087 815 mandere:
1108 769 1288 833 semenque
1298 757 1367 815 tos·

280 846 373 928 tnm,'
401 849 477 914 dein
502 852 679 916 contritum
700 869 775 915 cum
801 851 906 928 melle,
935 850 1141 934 suspiriosis.
1194 850 1304 916 Iidem
1333 856 1367 915 et

281 956 420 1016 contrat
441 971 567 1016 venena
580 957 731 1036 prosunt.
776 951 924 1015 Cerastis
947 959 982 1016 et
997 949 1287 1034 scorpionibus41¹
1309 952 1367 1016 ad-

281 1057 452 1116 versatur:
471 1053 525 1117 vel
540 1053 629 1136 ipso,
648 1052 706 1118 vel
735 1049 879 1116 semine*
907 1051 1038 1116 iniectis
1060 1052 1214 1117 manibus
1233 1053 1365 1135 impune

281 1153 461 1218 tractabis:
488 1149 727 1238 impositoquej
764 1153 913 1236 raphano
946 1155 1141 1238 scorpiones
1175 1153 1366 1218 moriuntur.

282 1254 455 1320 Salutares
469 1262 502 1321 et
517 1261 633 1320 contra
647 1254 821 1338 fungorum
838 1263 896 1320 aut
904 1255 1101 1338 hyoscyami
1116 1274 1244 1320 venena
1260 1273 1367 1340 aeque,

281 1362 318 1421 ut
341 1354 533 1420 Nicanderk
547 1356 667 1422 tradit:
689 1363 724 1422 et
745 1363 859 1421 contra
882 1358 1009 1430 viscum
1026 1375 1161 1442 quoque
1176 1357 1248 1422 dari
1262 1356 1367 1440 Apol·

280 1455 386 1520 lodori
409 1455 496 1522 duo¹
512 1459 649 1540 jubent:
671 1459 733 1524 sed
757 1457 884 1523 Citieus
914 1477 1030 1524 semen
1053 1477 1099 1523 ex
1127 1477 1219 1543 aqua
1241 1459 1367 1536 tritum,

280 1557 502 1622 'ferentinus‘
529 1579 674 1624 succum.
726 1559 862 1624 lienem
877 1561 985 1624 itern¹¹¹
1007 1569 1206 1626 extenuant:
1224 1547 1367 1644 jocineri

281 1665 431 1739 prosunt,
453 1667 486 1723 et
498 1659 685 1725 lumborum
699 1661 880 1726 doloribus.
922 1661 1153 1744 Hydropicis²
1175 1679 1309 1745 qnoque
1324 1679 1368 1723 ex

282 1765 380 1822 aceto
394 1767 452 1824 aut
464 1760 571 1844 sinapi
585 1759 711 1838 sumti,⁶
732 1769 765 1827 et
775 1762 976 1844 lethargicis.
1020 1763 1228 1846 Praxagoras
1244 1769 1280 1828 ct
1292 1761 1368 1826 ilic·

282 1859 330 1924 sis
357 1859 628 1942 dandoscenset:
666 1862 874 1927 Plistonices
894 1873 930 1929 et
949 1863 1147 1932 coeliacis-⁷⁰
1191 1865 1367 1928 Intestino-

730 2023 911 2047 ΝΙΜΟΙΟΜ

281 2142 415 2187 cmm-a
432 2139 520 2187 Drtsc.
537 2139 690 2203 phlegmonis.
716 2141 808 2191 ‘Bene
819 2141 906 2190 Editio
919 2143 1048 2205 princeps,
1063 2139 1214 2204 phlegmoni!
1224 2139 1367 2188 Brutia.-

280 2207 296 2252 t
315 2205 407 2252 Cetera
424 2210 448 2252 et
464 2205 623 2267 scorpionibus
639 2204 751 2255 Gronov.
770 2213 797 2255 st
817 2207 850 2255 al.
869 2215 930 2255 ante
951 2206 1076 2256 Hurduiu.
1110 2207 1184 2267 Mox,
1200 2205 1259 2254 ced.
1279 2205 1366 2253 Dulce.

280 2269 435 2318 dannatur
444 2269 494 2332 ipso
507 2269 751 2318 ....trectchs'lt'hsr:
767 2271 874 2334 imposito
891 2272 994 2334 rupisse
1010 2270 1223 2332 carpenone-e
1241 2268 1306 2319 cod.
1316 2271 1366 2318 lla·

280 2332 329 2380 lec.
342 2333 435 2392 jaceat,
454 2333 589 2382 Scilleuret
609 2333 768 2392 Terentiana:
793 2337 826 2382 rt.
853 2335 953 2386 Scittm
970 2349 1062 2391 utres:
1079 2333 1161 2383 chiffl.
1182 2335 1279 2383 Citleus.
1306 2333 1366 2381 Gra·

280 2409 339 2444 nor.
353 2397 552 2446 Poteram-6
569 2397 632 2446 Cod.
645 2399 735 2448 Dalec.
752 2400 884 2463 camni:
900 2399 1032 2463 auricilla,
1049 2399 1227 2464 praemi—t
1245 2400 1306 2448 Ver.
1320 2398 1367 2456 lla·

772 2549 879 2598 NOTAE

314 2639 425 2690 *niort
439 2644 508 2708 cero]
534 2643 636 2693 Plinius
654 2644 741 2694 valer.
764 2657 806 2696 rrr.
847 2644 918 2696 thar
928 2645 1032 2709 ἔρισῦν
1042 2642 1190 2706 ἐπιλήψεται.
1223 2643 1313 2694 Habet
1329 2659 1368 2694 er·

281 2720 322 2765 rt.
357 2715 493 2768 Marcellos
503 2719 602 2782 Empir.
620 2735 643 2770 c.
655 2725 694 2770 ltl.
712 2735 738 2783 p.
753 2724 806 2771 1³2.
845 2720 903 2770 dem
914 2721 1061 2783 Diophanes
1071 2723 1167 2770 xrrutt.
1180 2733 1205 2782 p.
1216 2722 1275 2768 161.

279 2792 418 2854 ‘arctata'
434 2793 526 2857 inquit,
542 2795 617 2858 ‘qua
630 2794 806 2850 urenducatoa
875 2795 884 2840 l
901 2795 1069 2858 lupertiacus]
1095 2795 1257 2844 Florentiune
1268 2804 1295 2844 et
1307 2795 1368 2845 Dio·

281 2866 306 2914 id
319 2875 369 2924 est,
378 2869 492 2931 rsphshi,
503 2877 595 2918 cortex
606 2870 682 2920 tritus
695 2871 804 2932 diligen·
845 2873 941 2936 phanes
952 2873 1015 2922 loeis
1028 2871 1123 2920 citatis.

282 2949 439 3002 ter,etcuur
451 2944 692 3008 molleperurixtus‚
711 2945 804 2994 illitus·
876 2946 1039 3007 taceare]
1068 2946 1165 2994 Contra
1183 2944 1365 3009 hyoscyamum

281 3032 339 3082 qne,
357 3020 541 3082 :sigillationem
559 3028 636 3082 atque
648 3022 749 3075 livores.
761 3021 804 3084 qui
845 3023 1063 3088 prodessescrihit
1073 3020 1207 3071 Nicander
1216 3022 1241 3070 in
1251 3021 1369 3084 Alexiph.

281 3111 313 3143 ex
325 3097 419 3146 ictibus
430 3099 559 3160 eveniant,
575 3099 696 3147 celeriter
707 3098 803 3147 cheter·
845 3114 870 3164 p.
883 3105 937 3148 rsa.
950 3100 1072 3147 adsersus
1086 3095 1189 3159 fungos,
1203 3113 1227 3158 p.
1241 3101 1297 3145 167.
1330 3097 1369 3146 De

281 3171 343 3234 80¹3
843 3176 1045 3239 stragisqacque
1066 3174 1153 3223 Diosc.
1177 3185 1208 3220 rr.
1229 3175 1287 3220 18⁷.
1334 3173 1369 3221 Et

317 3254 328 3279 θ
347 3246 491 3311 Vetersosis]
506 3249 664 3299 veternosus
686 3255 736 3312 ert,
758 3249 801 3313 qui
841 3254 988 3303 Scribonios
1000 3249 1096 3312 tergus
1108 3248 1228 3309 Compos.
1241 3251 1298 3296 198.
1310 3255 1317 3277 ⁴
1329 3245 1371 3296 At

281 3325 351 3388 gravi
371 3339 459 3374 somno
481 3329 613 3390 premitur,
637 3327 719 3392 iuquit
742 3328 803 3377 Pes·
842 3329 935 3392 fungos
949 3339 1096 3376 venenatos.
1112 3322 1370 3387 Adjuvsnturautern

281 3408 331 3451 tus.
843 3405 928 3454 radice
949 3415 1076 3466 ecquam
1099 3414 1144 3448 uos
1170 3397 1281 3458 edimus,
1309 3399 1372 3460 acri,

313 3475 462 3541 ‘Sostratae
481 3476 579 3540 tostam]
600 3478 700 3530 Plinius
717 3481 804 3531 Valcr.
842 3479 1037 3544 quamplurima.
1057 3490 1104 3540 per
1120 3489 1159 3535 se,
1176 3475 1217 3524 rel
1237 3489 1296 3523 cunr
1319 3475 1371 3524 sale

280 3565 320 3602 rr.
334 3557 356 3600 1.
843 3554 1013 3606 manducata:
1031 3551 1141 3615 ejusque
1154 3551 1261 3613 semiue,
1278 3551 1300 3598 si
1315 3552 1372 3614 ipsa

312 3639 325 3673 1
341 3630 417 3679 Iidem
427 3635 449 3679 et
458 3632 550 3695 mter]
567 3631 657 3681 Diosc.
669 3645 700 3683 ιι.
712 3635 768 3684 lat.
777 3637 805 3682 et
844 3646 893 3682 nou
905 3631 993 3683 fuerit.
1006 3639 1068 3692 poto
1080 3641 1113 3675 cx
1125 3625 1203 3674 sinu?

281 3705 446 3754 Florentino:
457 3705 508 3755 loc.
519 3709 565 3754 cit.
881 3706 888 3741 ¹
900 3705 1037 3770 Apollodori
1047 3705 1105 3768 riso]
1125 3705 1165 3752 De
1180 3703 1222 3750 his
1237 3701 1263 3750 in
1276 3700 1372 3753 Aeeta·

314 3779 325 3813 ¹¹
343 3781 449 3829 Cerorttr
460 3787 483 3830 et
493 3781 665 3845 scorpionibus]
676 3783 743 3832 Vide
753 3783 804 3833 No·
845 3799 901 3833 rurn
914 3783 1015 3832 Iudice.

280 3863 319 3904 tar
331 3866 359 3906 et
371 3854 589 3904 Erneud.uurc.t.
877 3868 895 3893 ¹¹
912 3859 1009 3908 hierem
1031 3855 1100 3918 itera]
1117 3853 1235 3902 Diosccr.
1256 3855 1306 3902 loc.
1325 3852 1371 3902 cit.

313 3932 319 3964 ¹
339 3933 382 3982 Vel
399 3933 459 3995 ipso,
483 3934 521 3980 oct
539 3933 636 3996 coriae]
662 3933 704 3983 lta
726 3934 802 3983 ettrru
843 3937 933 3986 semini
950 3933 1057 3997 raphani
1078 3933 1144 3980 hane
1163 3931 1213 3979 rior
1230 3929 1371 3992 adjudicat,

281 4007 455 4056 Msacruues.
489 4009 532 4057 Sic
547 4016 575 4058 et
592 4008 758 4060 Florentino:
777 4011 803 4060 ln
845 4012 913 4077 qnod
926 4027 957 4062 ex
974 4017 1051 4060 aceto
1063 4007 1174 4058 hibetur.
1208 4007 1370 4056 Florenticus

235 4088 237 4092 '
282 4083 401 4146 (leopcn.
412 4089 517 4136 nath.
535 4087 750 4149 putatitiae
760 4105 804 4150 χυ-
845 4087 1063 4154 quoqueloc.cit.

281 4160 320 4220 hep*
330 4160 453 4221 mutto.
464 4162 578 4222 ἐπιμελῶς
594 4165 638 4214 ror
654 4168 734 4228 χεῖρας
751 4167 802 4214 torr-
876 4171 889 4196 ²
906 4158 1062 4226 Hydrcpicr'r]
1084 4157 1177 4210 Dicae.
1195 4163 1223 4206 et
1241 4156 1369 4207 Florenti·

281 4236 324 4285 τοῦ
334 4233 460 4298 χρίσεικαὶ
469 4241 555 4303 τρίψει,
571 4239 666 4301 ἀφόβως
683 4241 722 4290 sul
738 4241 802 4291 tarr·
844 4253 890 4289 nus
901 4239 962 4289 iocis
974 4237 1069 4286 citatis.

1505 427 1507 436 r

1505 621 1507 640 l
