3048 4864
471 383 562 439 aar.
583 387 683 440 ursa.
705 386 780 440 ursa
804 387 876 442 xx.
898 373 932 441 2.
1162 377 1249 448 8073

48 589 52 598 .
157 533 211 598 die
233 531 392 598 inciditur
414 533 583 599 arundine.
626 535 747 600 Semen
761 533 915 620 quoqueh
937 529 1046 602 cinere
1060 540 1248 623 conspergi-

157 641 223 712 tur,
235 635 278 700 ad
295 633 516 700 cotirceudam
531 637 627 702 succi
639 636 876 702 abundantiam
889 659 897 702 ε
909 639 968 722 qui
983 657 1166 723 expressus
1178 659 1252 704 sus·

158 739 282 820 cipitur
295 755 386 819 aqua
395 737 548 816 coelesti,
565 744 665 824 atque
679 739 849 804 subsidit:
873 739 993 805 deinde
1016 741 1098 806 Sole
1120 741 1251 823 cogitur

158 838 193 901 in
209 838 375 920 pastillos,
386 837 430 902 ad
446 857 584 920 magnos
600 841 790 904 mortalium
803 859 898 905 usos.
942 839 1194 907 obscuritates¹
1215 848 1252 907 et

158 939 245 1004 vitia
270 941 443 1005 oculorum
465 949 574 1018 sanat,
601 961 825 1027 genarumque
849 943 975 1009 ulcera.
1017 943 1165 1008 Tradunt
1188 945 1253 1009 bec

160 1037 265 1105 succo
284 1041 386 1105 tactis
401 1041 572 1106 radicibus
586 1043 715 1122 vitium,
729 1063 795 1108 non
819 1045 940 1128 attingi
953 1063 1037 1111 uvas
1056 1047 1099 1111 ab
1122 1046 1253 1112 avibus.

159 1139 278 1206 Radia
293 1141 425 1206 antemj
448 1161 492 1206 ex
515 1151 615 1208 aceto
631 1150 729 1210 cocta
742 1145 901 1229 podagris
915 1139 1063 1224 illinitur,
1078 1163 1252 1230 succoque

159 1242 305 1306 dentium
320 1242 423 1307 dolori
439 1243 605 1308 medetur.
646 1243 754 1308 Arida
775 1263 851 1309 cum
872 1243 1004 1310 resina*
1027 1247 1256 1330 impetiginem

160 1349 197 1408 et
209 1346 368 1423 scabiem,
385 1353 484 1429 quoe³
506 1342 662 1429 psoram¹
684 1353 717 1410 et
730 1346 880 1412 lichenas
895 1353 1029 1426 vocant,
1043 1346 1248 1432 parotidastn

160 1452 197 1508 et
210 1451 342 1528 panos¹²
363 1451 471 1524 sanat,
487 1453 523 1512 et
536 1447 751 1513 cicatricibus
768 1449 914 1514 colorem
927 1448 1049 1515 reddit.
1093 1447 1140 1513 Et
1159 1447 1256 1512 solie·

161 1555 256 1613 rum⁰
278 1567 396 1613 succus
411 1549 546 1615 auribus
560 1550 670 1614 surdis
685 1569 760 1614 cum
777 1558 873 1617 aceto
888 1551 1080 1616 instillatur.

209 1665 270 1713 111.
300 1648 473 1714 Elaterio·
495 1652 736 1734 tempestivus¹
760 1658 816 1714 est
836 1659 1014 1717 autumno:
1036 1669 1099 1716 uec
1124 1646 1251 1715 cllum*

618 1791 800 1816 benetune&

196 1879 262 1929 Car.
277 1891 321 1929 ιιι.
353 1881 367 1929 1
384 1878 428 1928 Ila
440 1878 518 1929 codd.
535 1877 664 1930 llardnlnl
675 1883 702 1929 ct
712 1877 797 1932 clritll.
807 1893 866 1930 cum
877 1877 937 1931 add.
949 1877 1077 1930 llarduiu.
1088 1881 1113 1928 1.
1124 1879 1149 1927 2.
1160 1881 1186 1928 8.
1197 1875 1257 1926 Mll-

652 2022 762 2074 NOTAE

194 2115 207 2150 ¹¹
223 2115 308 2166 &maa
318 2118 418 2182 quoquc]
433 2117 527 2166 Samen
538 2116 633 2166 iterum
644 2130 691 2181 pro
733 2124 832 2169 torcat
849 2131 926 2170 xxvi.
942 2124 967 2170 2.
988 2117 1057 2172 foedc
1076 2118 1175 2182 pariter
1191 2117 1259 2168 cutis

162 2191 251 2242 t'rocto
271 2199 389 2254 usurpat.
415 2193 494 2242 Nunc
510 2207 526 2241 a
540 2191 630 2242 Diosc.
647 2207 693 2256 pa·
731 2191 831 2245 firriurs
845 2201 911 2245 toros
923 2195 1033 2259 primum
1052 2195 1147 2254 rnltna,
1163 2191 1259 2243 deinde

163 2283 221 2318 rum
233 2266 355 2316 discedit.
730 2282 793 2317 vero
813 2276 841 2319 et
857 2270 934 2330 colla,
954 2275 1106 2333 pectusque,
1124 2273 1152 2316 et
1167 2281 1258 2317 manus

194 2342 202 2377 ¹
221 2341 396 2406 Obscuritates]
414 2341 503 2391 Diosc.
514 2341 565 2392 loc.
576 2340 621 2391 cit.
730 2351 886 2406 occupante,
897 2344 977 2393 oculis
989 2341 1258 2392 tantumlmmnuibos.

194 2417 395 2481 lRadixcatesa]
407 2419 496 2467 Diesc.
508 2430 546 2465 rr.
556 2420 610 2466 let·
622 2415 693 2465 Mar·
730 2419 859 2468 Martialis
878 2431 917 2467 ιι.
933 2422 975 2468 aa.
998 2417 1077 2465 ‘Nec
1093 2417 1169 2466 triste
1187 2431 1259 2466 ruau-

164 2491 246 2543 'callua
265 2493 365 2556 Empir.
383 2506 407 2541 c.
421 2496 462 2541 ³6.
473 2505 499 2555 p.
519 2495 576 2541 110.
594 2489 693 2540 Plinius
732 2499 796 2555 turn,
825 2493 973 2558 sordidique
999 2490 1133 2544 lichenes!
1166 2493 1259 2558 Gallis,

164 2568 257 2618 Valer.
274 2579 317 2617 ιιι.
338 2570 378 2617 lt.
395 2565 532 2629 Apuleius,
548 2581 571 2616 c.
583 2569 640 2616 lla.
652 2567 694 2615 rit.
732 2569 960 2628 Dartrcssrtsssarsa.

165 2645 190 2692 1.
206 2644 215 2672 ⁴
227 2639 270 2691 Ad
282 2655 421 2690 nervorum
433 2641 559 2702 dolorem,
576 2647 604 2691 et
616 2639 695 2705 poda-
763 2651 783 2678 ὓ
793 2644 935 2710 Perseidos]
945 2643 1057 2709 nupseris.
1070 2644 1211 2694 “l'omcrss
1219 2657 1260 2694 re·

165 2731 257 2782 gram:
284 2717 434 2768 cucumeris
453 2717 573 2781 sylsatlcl
595 2716 695 2767 radicas
732 2720 852 2783 pectines
864 2721 912 2770 sub
924 2721 1028 2769 auribus
1041 2721 1154 2781 innatos,
1165 2719 1260 2782 pareti-

165 2793 192 2842 lu
204 2791 256 2841 olel
268 2790 358 2840 cibarii
372 2790 457 2854 pondo
472 2791 555 2840 tribua
566 2790 696 2854 decoquas
733 2793 780 2844 das
791 2793 930 2855 vocamus,'
942 2795 1026 2858 lnquit
1036 2793 1136 2844 Tbeod.
1148 2793 1261 2844 Priscia-

166 2869 200 2918 ad
213 2869 314 2928 tertias,
326 2874 354 2917 ct
365 2867 460 2917 exinde
472 2881 611 2931 perunges,
622 2881 694 2916 sana·
733 2883 781 2918 uus
793 2883 814 2919 r.
825 2873 849 2918 8.
860 2870 893 2919 dc
905 2870 1077 2933 parulidibus.
1093 2869 1171 2932 Galli,
1183 2869 1261 2918 Poro-

166 2941 284 2994 buutor.’
311 2944 347 2992 Et
360 2942 435 2992 ticet.
458 2941 543 2992 ‘Cum
560 2949 634 2990 aceto
650 2941 696 2990 da·
734 2944 793 2995 aies.

166 3025 245 3069 cocta
261 3017 334 3067 radix
353 3019 426 3067 ralst
436 3022 528 3066 contra
539 3016 697 3080 podagram!
766 3029 779 3056 n
798 3023 831 3072 Ee
847 3021 932 3085 panos]
947 3019 1040 3070 Dione.
1058 3018 1155 3082 pipare
1171 3017 1261 3082 ῥίπτει.

70 3146 73 3152 ,
166 3091 303 3157 Accepere
312 3107 400 3142 ornnes
409 3107 425 3140 a
434 3091 511 3141 Celso
523 3105 561 3140 rr.
571 3095 613 3142 ll.
630 3091 698 3141 ‘ro
733 3097 800 3158 §ipa
809 3104 893 3147 tumor
904 3103 945 3146 est
955 3103 1052 3158 prater
1061 3103 1180 3144 naturam
1188 3095 1263 3144 obor-

166 3181 230 3218 rcre
243 3174 349 3231 oportet
364 3167 481 3231 spongia,
493 3181 550 3232 qnae
562 3167 588 3216 in
606 3181 696 3231 aquam
734 3179 777 3221 tus
786 3173 812 3221 in
820 3185 980 3236 quacumque
987 3172 1102 3234 corporis
1112 3176 1262 3232 paciacum

167 3245 279 3296 calidam
288 3245 451 3309 demittatur,
462 3245 486 3293 in
498 3260 549 3309 qua
557 3241 697 3296 cucumeris
735 3245 951 3296 inflammatione:
968 3254 996 3295 et
1011 3245 1056 3294 laos
1067 3246 1201 3308 appellant
1218 3245 1264 3293 ali·

167 3321 305 3385 aylraatria
317 3320 391 3371 radix
403 3319 514 3368 decocta
525 3319 578 3369 sit!
736 3321 778 3385 qni
791 3317 881 3384 pauor.
906 3321 983 3370 Celso
994 3334 1022 3368 v.
1032 3324 1072 3370 ilo.
1086 3334 1167 3384 pauna
1178 3328 1263 3370 rumor

200 3395 214 3431 ¹¹
230 3397 308 3446 Arida
322 3412 374 3446 cuns
386 3395 477 3458 recisa]
494 3395 579 3444 Dicae.
590 3394 641 3446 lac.
652 3394 698 3454 cir,
736 3396 832 3446 dicitur
843 3410 893 3445 non
905 3397 981 3461 altus,
996 3395 1073 3456 latus,
1084 3396 1109 3443 ln
1123 3409 1173 3458 quo
1191 3393 1264 3458 quid·

169 3469 517 3534 Ιπᾰρτπίνηςτερεβινθίνης.
533 3467 640 3518 Aridum
653 3483 697 3517 an·
737 3470 795 3520 darn
817 3469 926 3532 pustulas
946 3469 1027 3518 simile
1047 3478 1096 3519 car.
1129 3470 1196 3518 Sunt
1219 3468 1262 3530 qui

169 3555 223 3598 tem
244 3549 356 3598 radicem
379 3548 513 3610 intellige:
540 3545 597 3608 ξηρὰ
616 3544 642 3594 il
662 3543 701 3594 acl
737 3544 857 3606 φίνγιθλον
868 3545 916 3593 dici
930 3544 1024 3593 Gracc
1037 3544 1124 3604 velint,
1134 3552 1162 3592 et
1176 3544 1263 3605 aplry·

168 3625 223 3672 λεῖα
234 3621 333 3686 iacula,
346 3621 445 3687 sepas,
456 3619 495 3670 aci
510 3621 626 3684 λειχῆνας
639 3619 700 3682 cpi·
737 3628 807 3669 mate
818 3617 931 3690 differre.
947 3618 1015 3667 Vide
1026 3618 1160 3667 Gorraeum
1172 3619 1198 3666 in
1212 3619 1263 3667 Da·

57 3758 63 3764 .
168 3715 219 3761 χει.
242 3697 318 3749 Adde
329 3706 356 3749 et
367 3699 498 3761 lircophr.
512 3697 631 3747 iliacas.
643 3703 684 3746 lo.
738 3695 801 3748 duit.
816 3693 887 3742 bled.
920 3692 1046 3756 Apuleius
1065 3707 1089 3743 c.
1105 3697 1161 3752 ria.
1180 3693 1222 3744 sir.
1238 3699 1262 3745 1.

203 3771 211 3808 ¹
228 3775 289 3830 Qaoe
305 3773 410 3838 psoram]
426 3773 496 3836 repa
512 3773 606 3822 scabiei
619 3785 701 3836 genus
739 3785 786 3836 pro
798 3771 871 3832 panis
883 3777 993 3818 tumeres
1002 3767 1077 3816 dixit.

169 3857 222 3912 aar,
242 3852 357 3912 corporis
377 3863 501 3898 summanr
521 3857 608 3898 cutem
629 3849 699 3898 varia
770 3853 782 3879 ⁰
800 3847 834 3894 Et
840 3842 966 3906 feturam]
983 3843 1071 3892 Diosc.
1085 3845 1136 3893 loc.
1147 3843 1193 3893 cit.
1209 3842 1264 3906 ‘Ap-

170 3924 451 3988 erosiouedepasceua,
461 3921 636 3987 fursurcsaque
646 3937 699 3971 ma·
737 3919 802 3984 μύζει
819 3919 845 3970 ti
862 3921 875 3968 d
890 3923 937 3968 scir
954 3917 1053 3982 φύλλων
1063 3919 1139 3980 χυλὸς
1150 3915 1264 3980 tumaid-

171 4001 210 4064 gia
223 4013 299 4064 quam
312 4013 448 4064 squamosa
459 4013 491 4047 ex
511 4012 538 4047 se
558 3998 700 4048 remittens.
737 4015 807 4060 perca
823 3994 957 4056 brusatus.
991 3995 1032 4043 Sic
1051 4004 1080 4044 et
1099 3994 1192 4042 radicis
1206 4007 1265 4042 suc·

171 4075 272 4138 Vulgo,
285 4075 446 4124 laeasolSaiat
462 4073 539 4122 Meis.
566 4071 603 4121 At
614 4073 700 4134 λειχὴν
739 4089 797 4124 cnm
808 4069 1065 4122 adsonitnmaurlom
1076 4069 1265 4120 enrendaurluru

172 4153 346 4216 impetiginosi
358 4152 438 4201 morbi
450 4165 539 4215 genus,
548 4150 616 4214 quod
628 4163 698 4199 ruen-
739 4147 863 4212 prodesse
875 4147 965 4196 Celsus
977 4152 1073 4207 monet,
1084 4158 1122 4194 rr.
1132 4149 1157 4194 7.

172 4243 271 4294 tagram
284 4229 389 4278 Latinos
400 4241 506 4277 vocaus
523 4226 624 4277 Plinius
640 4238 699 4274 anc-
771 4231 783 4258 ⁸
799 4221 918 4286 Etatsrio]
934 4220 1062 4286 Tbeepbr.
1079 4220 1150 4274 litat.
1169 4235 1209 4272 u.
1225 4225 1266 4272 10.

236 4309 326 4371 Dctpls.
342 4313 367 4357 st
380 4307 440 4358 Vn.
452 4307 516 4356 Clas.
674 4305 778 4356 Plinius.
1151 4306 1169 4352 0
1186 4292 1200 4351 1
