3094 4862
277 381 362 447 3028
638 391 670 437 o.
694 385 816 437 rnrurt
839 386 1002 436 snouunr

234 498 238 509 Ι
278 537 432 622 grandius
451 535 540 599 allio.
583 529 734 596 Τιίιιιιιι6
755 532 788 596 in
804 531 878 594 oleo
893 535 928 592 et
948 533 1056 603 aceto,
1071 525 1189 588 mirum
1203 529 1363 607 qnantum

276 642 439 704 increscat
459 641 601 719 spuma.⁰
656 631 806 710 Quidam
830 631 980 713 ulpicum
1005 637 1040 691 et
1064 625 1179 691 allium
1206 627 1240 688 in
1261 625 1364 707 plano

277 741 343 804 seri
356 743 479 814 vetant,
503 735 765 816 castellatimque
778 731 963 816 'grumulisr
985 729 1138 812 imponi,⁷
1162 727 1365 794 distantibus

275 841 361 905 inter
375 859 411 903 se
423 838 526 922 pedes
542 844 666 901 ternos.
704 836 796 899 Inter
811 851 913 916 grana
926 831 1019 913 digiti
1034 827 1214 894 interesae⁸
1229 827 1365 892 debent:

275 942 372 1006 simul
399 947 498 1023 atque
521 940 583 1001 tria
606 938 709 1001 soliaq
732 941 919 1017 eruperunt,
948 933 1069 1016 sarriri.
1117 929 1365 1005 Grandcacnnt,

276 1062 344 1125 quo
357 1043 484 1124 amplus
501 1042 694 1105 sarriuntur.
740 1034 1064 1102 Maturescentiom¹
1085 1033 1197 1098 caules
1212 1031 1365 1113 depressi

274 1145 439 1206 interram
455 1143 657 1205 obruunturt
678 1141 729 1204 ita
743 1145 879 1204 cavetur
901 1157 943 1200 ne
965 1137 999 1199 in
1021 1134 1171 1198 frondem
1185 1132 1364 1197 luxurient.

274 1242 314 1306 In
330 1244 478 1323 frigidis³
500 1243 613 1306 utilius
638 1261 711 1306 vere
726 1241 803 1315 aeri,
821 1258 920 1322 quam
944 1242 1115 1302 autumno.
1160 1233 1305 1308 Geteto,⁹
1326 1240 1366 1295 ut

274 1345 391 1408 odore‘
408 1350 556 1419 careant,
579 1345 693 1407 omnia
717 1342 789 1407 haec
808 1342 968 1424 jubentur
992 1339 1067 1414 eeri,
1094 1355 1167 1400 cum
1190 1334 1287 1398 Luna
1302 1334 1365 1396 sub

273 1449 358 1510 terra
384 1445 450 1508 sit:
474 1444 596 1525 colligi,
629 1463 703 1507 cunt
732 1443 766 1506 in
792 1443 892 1506 coitu.
937 1439 1016 1504 Sine
1041 1438 1117 1502 ltinu
1141 1433 1365 1500 Menandero

271 1753 391 1801 calta-6
404 1751 489 1802 cutm.
501 1759 635 1803 tarnem-ti
653 1755 720 1804 'litto
732 1757 792 1804 Vel.
804 1756 945 1804 Drica-t
963 1751 1023 1801 Vet.
1034 1749 1124 1800 Delec.
1140 1746 1227 1809 ιἰιιροιιί
1236 1744 1364 1804 jntent·—
1468 1776 1470 1782 ι

273 1820 289 1864 Β
306 1816 369 1865 Cod.
390 1819 480 1870 Delec.
501 1819 575 1880 digiti
589 1824 689 1882 quotuor
707 1821 878 1870 inteream-9
896 1819 936 1866 lta
947 1815 1021 1865 codd.
1033 1812 1161 1863 Hardnini
1173 1816 1200 1860 et
1211 1807 1296 1860 chiffl.
1306 1821 1364 1857 cum

767 1981 874 2033 NO'l'AE

271 2085 381 2146 χρῧπω.
426 2086 527 2135 Recte:
545 2094 586 2136 eat
607 2087 674 2136 enim
696 2089 722 2136 id
742 2089 800 2150 pul·
836 2084 882 2136 ltili
894 2099 967 2134 mure
979 2082 1166 2132 ettirmiaaimir
1184 2079 1298 2130 turribua
1313 2079 1363 2128 eri·

270 2161 423 2209 menterium
434 2162 499 2209 turia
511 2169 646 2224 moretum,
658 2163 699 2210 cui
711 2163 798 2211 allium
837 2159 951 2225 gantun'
962 2163 1011 2208 &tt-
1043 2158 1112 2207 Uaua
1126 2171 1157 2205 ea
1179 2168 1242 2203 voce
1264 2153 1365 2214 Livina,

270 2233 414 2283 immixtum
435 2237 603 2300 turritumque
624 2245 681 2286 ert:
698 2235 757 2286 inde
774 2235 798 2287 ei
836 2235 879 2285 lib.
892 2247 963 2285 xvtr.
975 2233 1019 2283 nbi
1035 2231 1212 2280 ‘castellatim
1224 2227 1364 2290 dispositos

269 2309 352 2358 nllmto
371 2324 471 2359 nomeu.
504 2311 624 2361 Meminit
645 2313 753 2361 Pleutur
772 2312 798 2360 in
836 2308 1023 2359 cireacollem'
1040 2305 1189 2354 milltcanit.
1218 2301 1302 2352 Aliter
1313 2302 1364 2350 aeri

270 2385 385 2434 Mostell.
398 2400 417 2434 ι.
437 2391 459 2433 l.
472 2391 512 2436 tt.
529 2387 585 2436 ‘'l'u
605 2387 651 2436 tibi
671 2390 734 2436 intas
753 2388 799 2436 lra-
836 2383 956 2446 praecipit
967 2382 1109 2432 Columella
1119 2381 1168 2428 loc.
1179 2379 1224 2427 cit.

269 2456 341 2512 bena,
355 2467 477 2520 turturea,
489 2461 582 2522 piacet,
595 2475 670 2511 area:
683 2463 745 2513 Sine
757 2477 797 2512 me
867 2466 879 2500 l
897 2458 976 2507 simut
986 2444 1197 2519 atqte'trinfolle]
1221 2452 1365 2502 Columella

271 2529 360 2581 alliato
371 2531 443 2596 fungi
454 2533 570 2583 fortunar
583 2536 669 2585 mene!
836 2546 878 2581 ιι.
889 2537 913 2582 t.
930 2533 938 2562 ‘
950 2531 1014 2580 Cum
1026 2537 1113 2579 ternae
1129 2528 1207 2577 fibrae
1224 2527 1366 2576 enituerunt

301 2607 796 2674 ⁰1ncreorrrpnmn]ttrnntemt,0.
835 2607 924 2670 apice,
946 2605 1102 2655 sarrientur:
1121 2617 1179 2652 nam
1199 2615 1249 2667 quo
1268 2603 1363 2665 rapine

268 2681 319 2739 ter,
330 2687 358 2729 ut
367 2682 537 2738 arbitror,alii
550 2685 618 2748 apud
628 2687 797 2736 Columellam
834 2681 860 2731 id
873 2680 980 2736 fectum·
996 2681 1079 2744 mejm
1094 2679 1192 2728 Mitt·
1204 2678 1313 2740 “Plini
1326 2679 1364 2726 ln·

268 2762 372 2804 vocant.
834 2757 1016 2809 crementum.'
1049 2759 1092 2808 Sic
1113 2755 1245 2806 Palladiae
1261 2756 1288 2804 tn
1307 2755 1363 2805 No·

300 2832 525 2912 vquatettnttraqae
540 2834 670 2897 ennato]
697 2835 797 2884 Caetel·
835 2835 942 2894 remini,
953 2835 995 2883 tit.
1004 2837 1029 2882 e.

269 2905 343 2954 latlm
356 2907 424 2957 idem
436 2906 491 2958 fere
501 2909 571 2973 qnod
583 2910 735 2970 acervatim,
751 2927 796 2958 ne·
866 2915 876 2942 ¹
892 2907 1115 2970 Mutareamtiem]
1132 2907 1231 2958 Colum.
1249 2907 1300 2956 loc.
1317 2907 1363 2957 cit.

266 2979 345 3044 putta.
364 2984 511 3047 (trumuine,
523 2985 577 3035 aire
588 2986 702 3036 cnmnloa
713 2987 796 3050 epica·
832 2984 998 3049 ‘Antequam
1021 2987 1121 3034 caulem
1137 2984 1242 3040 iaciant,
1260 2997 1361 3032 omnem

268 3069 324 3104 rum
346 3058 398 3106 allii
419 3058 469 3107 teri
485 3057 563 3121 jubet
583 3061 630 3122 ite,
651 3067 682 3109 nt
702 3061 797 3110 camuli
834 3059 942 3110 viridem
967 3061 1130 3125 auperticiem
1152 3061 1314 3122 intorquere,
1334 3067 1364 3107 et

266 3131 357 3179 multia
372 3132 400 3180 in
416 3132 503 3181 orbem
514 3139 636 3183 constent
647 3136 748 3196 grania:
759 3137 796 3184 in·
834 3139 928 3185 terram
953 3143 1119 3200 prosternere
1141 3120 1288 3189 conrenie't,
1311 3147 1366 3198 quo

266 3212 308 3254 ter
318 3220 398 3268 grana
408 3208 508 3270 ringula
526 3208 602 3272 niglu
622 3210 696 3258 unior
718 3212 796 3260 inter·
834 3212 1041 3275 raatiorncapita
1053 3211 1134 3260 finnt!

267 3281 360 3328 vallum
372 3281 423 3330 eit:
442 3289 543 3330 ternum
555 3282 659 3346 pedunn
671 3284 740 3334 inter
751 3299 795 3334 cu·
864 3294 873 3319 ·
890 3285 1040 3350 lnfir’qida‘e]
1059 3286 1125 3335 Vide
1134 3285 1234 3335 Colum.
1242 3285 1291 3336 loc.
1303 3287 1352 3335 cit.

265 3355 347 3406 malea
359 3356 489 3420 ringulae:
501 3359 545 3422 qni
556 3361 650 3409 cumuli
663 3361 701 3410 ric
710 3360 795 3425 diapo-
868 3363 984 3426 'Cetera
1001 3368 1029 3411 ct
1045 3362 1126 3425 odore]
1144 3361 1288 3410 Columella
1310 3361 1360 3409 loc.

265 3432 309 3481 titi
320 3434 484 3482 cartellorum
496 3435 607 3497 spectem
617 3436 743 3500 quandam
756 3453 794 3487 re·
832 3438 875 3487 cit
893 3438 962 3487 ‘Sed
975 3439 1186 3502 quandocumque
1198 3450 1362 3486 conteremus

264 3505 361 3558 ferunt.
387 3509 504 3572 Namque
517 3511 543 3558 irr
554 3509 677 3562 limitibus
689 3511 793 3576 imperti
903 3513 1062 3562 terrebimur
1075 3547 1081 3562 .
1093 3546 1099 3561 .
1112 3547 1135 3562 ..
1150 3519 1179 3560 ut
1201 3513 1274 3561 Luna
1294 3510 1361 3560 tnu-

265 3580 296 3629 ad
309 3581 395 3631 finium
414 3585 557 3634 custodiam
576 3587 697 3636 adversor
709 3590 793 3638 lncnr·
832 3595 927 3636 terram
943 3589 993 3638 ait:
1011 3601 1069 3636 nrm
1087 3589 1125 3637 aie
1141 3593 1207 3647 rata,
1227 3594 1254 3634 et
1271 3599 1360 3634 reram

264 3655 348 3742 alqnea
360 3658 469 3707 hortium
485 3661 593 3710 cautella
604 3663 792 3729 statuebantur,
830 3663 1019 3719 elcrecondita,
1030 3665 1212 3713 eriatimnntnr
1227 3675 1313 3726 neque
1333 3677 1362 3711 a·

265 3730 362 3794 aliquot
380 3733 450 3780 inter
471 3748 499 3784 ae
526 3735 638 3786 discrete
665 3739 792 3802 partibor.
829 3739 932 3787 cerrlmi
942 3739 1041 3800 reporta
1053 3740 1174 3792 existere,
1189 3750 1273 3799 neque
1288 3749 1360 3785 man-

265 3805 415 3869 Anonymda
430 3811 660 3871 anctor‚derel›na
677 3813 792 3864 bellieirt
829 3814 946 3862 dentium
970 3815 1065 3864 ltalitua
1093 3812 1248 3864 inodernre:
1283 3811 1359 3860 Idem

263 3881 327 3966 ‘Em
339 3888 468 3945 preterea
487 3885 555 3933 inter
571 3885 704 3936 commoda
715 3889 791 3950 ttetn.
829 3889 908 3938 habet
920 3897 1011 3938 auctor
1022 3891 1140 3953 Genpon.
1152 3901 1204 3937 ιιι.
1215 3891 1257 3937 ³⁰.
1271 3887 1359 3936 'Aroe-

265 3957 335 4005 ntrlir
347 3959 455 4008 limitum
467 3973 540 4021 cure,
559 3960 723 4012 ambientium
735 3965 792 4014 ubl·
827 3983 862 4025 μα
872 3964 898 4014 tt
909 3964 986 4030 leret,
995 3971 1045 4017 &a
1066 3965 1197 4018 Palladiae
1209 3967 1234 4014 in
1244 3965 1359 4014 Noram·

265 4045 314 4092 que
332 4035 398 4082 latua
420 4035 529 4098 imperii.
563 4035 679 4086 Quorum
701 4039 790 4088 tutelae
829 4041 965 4102 brt,rtt.o.

264 4107 367 4192 aeaidna
384 4112 475 4160 melina
492 4113 602 4162 castella
615 4114 789 4178 prospicient:
863 4117 952 4166 estne
974 4117 1024 4180 lia]
1047 4117 1106 4168 lloe
1128 4123 1179 4180 ert,
1201 4118 1269 4167 citra
1290 4117 1359 4167 lrauc

264 4189 302 4231 ιιι
310 4183 459 4236 utmillenie
467 4187 605 4252 interjecta
617 4188 731 4252 parribus
739 4198 793 4241 ata·
832 4205 947 4256 operam.
959 4194 1012 4244 rire
1031 4195 1078 4245 trac
1100 4194 1276 4258 preceptione
1294 4207 1355 4256 neg·
