2950 4872
251 307 338 376 1900
599 321 706 370 horn
732 317 929 372 santorum
955 321 996 370 ιιι

281 467 331 514 000
351 463 507 524 retorquet
523 457 776 524 wssuaoduohwrl]
813 455 891 526 ὀψε.
925 461 1028 511 Comites
1043 466 1104 511 aunt
1121 459 1242 523 ministri,
1256 457 1346 520 aallcl,

253 543 303 594 Qui
321 543 388 592 hranc
405 553 504 588 versum
522 546 673 602 corruptum
691 547 777 603 negat,
815 537 951 586 satellites.
984 535 1042 585 Lib.
1053 549 1084 584 ιι.
1105 535 1183 586 ‘Non
1194 535 1295 584 «imunt
1306 547 1347 584 re·

251 617 315 666 ilect
325 629 394 664 mero
405 615 512 662 meridie
523 616 611 664 lucere
626 614 705 674 dicat,
717 613 778 662 nlhli
816 609 959 670 alccmltca
972 626 978 659 :
996 609 1052 658 sine
1062 609 1156 658 monia
1174 611 1264 673 pulset
1282 608 1348 658 Irri-

253 691 366 739 crednm.
402 689 493 736 Victor
504 703 536 736 ne
554 688 686 738 Chromis?
704 689 779 750 piane
816 683 877 732 tus!
896 685 998 733 Groaoo.

252 762 404 813 falanmeat.
438 761 608 824 Amphiaraus
619 764 728 827 palmam
740 769 780 811 tu·
848 757 999 819 5105οι00]
1027 759 1190 820 Deportatnr
1208 757 1235 805 ln
1257 761 1349 819 gesto·

253 837 378 902 iit,(quud
389 838 476 884 atstim
486 837 599 900 erudies)
610 852 685 899 quem
695 837 781 899 proxi·
818 833 865 882 rio.
886 834 937 883 Vei.
948 833 1026 883 Setos
1056 833 1123 882 Sane
1134 833 1201 880 bene
1219 830 1253 879 ad
1271 843 1348 880 nauar

254 925 295 961 me
318 917 422 960 secutus
443 909 577 959 Admetus.
612 911 681 960 Nihil
693 912 781 975 itaque
817 907 1104 956 aniacculischoliaatea
1117 907 1174 954 iste.
1190 903 1350 954 ‘Geatoria’

254 987 351 1038 certius
364 986 474 1034 lectione
483 987 578 1035 veteris
591 988 744 1036 memhrane
753 993 783 1036 et
819 989 880 1033 sunt
891 983 1003 1043 lection,
1013 983 1103 1046 quibua
1110 984 1244 1044 gestantur
1255 977 1350 1030 afflicti

183 1069 188 1082 ⁸
254 1063 375 1112 editionis
396 1063 539 1126 principia:
561 1065 680 1126 numme
697 1067 721 1112 et
737 1063 783 1111 roi·
819 1059 967 1108 vulneribus
979 1066 1024 1108 ant
1038 1057 1202 1118 casualiquo.
1234 1053 1351 1103 ‘Gesta-

254 1138 364 1187 laauiotse
386 1137 489 1186 abimt:
517 1147 589 1187 recte
611 1139 782 1200 collaudatus,
819 1133 929 1182 torium'
953 1132 1042 1182 ullcnut
1063 1133 1117 1181 alii.
1159 1131 1351 1180 Onomaaticoa

255 1213 315 1278 quia
328 1226 401 1274 spem
412 1212 527 1260 victoriae
536 1213 583 1260 sibi
595 1213 703 1273 ipsemet
716 1225 783 1274 prn-
819 1212 919 1260 Vetus:
937 1209 1232 1270 Gestatorinmmpeloa.
1254 1205 1351 1256 Aibat*-

256 1285 344 1335 cidere
353 1285 451 1344 maluit,
465 1301 540 1349 qnam
559 1287 705 1350 prolapsum
718 1287 784 1349 ilip-
821 1291 863 1335 tna
875 1283 1001 1346 Aquensis
1013 1283 1112 1332 Hlstor.
1128 1281 1262 1331 Palestin.
1274 1281 1293 1329 1.
1306 1292 1353 1330 ιιι.

256 1359 395 1424 podamum
408 1360 511 1408 ledere.
528 1361 602 1410 lum.
822 1374 845 1411 c.
856 1364 880 1408 l.
898 1359 996 1412 'Quem
1009 1355 1284 1420 Principeaexercltus
1293 1367 1352 1416 gea·

288 1438 335 1484 aut
356 1437 389 1501 ,tt
411 1435 456 1482 tihi
478 1435 615 1498 promissos]
643 1433 785 1484 Oracnlnru
823 1437 916 1486 tatorio
934 1429 1352 1496 imponenteaadcaatracntnin·

259 1509 327 1558 enim
339 1508 461 1566 habebat,
473 1511 555 1569 ipsum
575 1524 652 1558 curru
663 1510 787 1558 rictorem
824 1511 895 1575 genti
906 1511 979 1558 hictu
989 1506 1154 1558 detulerunt.¹
1173 1506 1261 1555 Barth.

259 1581 385 1631 futurum.
400 1582 541 1630 Vel.Schol.
573 1583 608 1630 Et
619 1590 739 1631 eventum
751 1582 788 1630 rio
855 1587 904 1632 515
923 1578 1353 1640 ΟιιιιιιιοήίιΜιιιΙκιιΠοι-

258 1655 382 1707 cecidisse
405 1657 475 1705 canit
506 1657 639 1719 Papinius,
661 1655 705 1705 alil
728 1669 788 1704 eum
826 1657 960 1708 hePoetse
977 1671 1035 1707 crim
1054 1653 1260 1704 exclamatione:
1279 1653 1353 1718 qnasi

260 1745 337 1780 cnrrn
356 1731 435 1779 rrrisse
456 1729 626 1790 tradiderunt,
642 1737 671 1780 nt
691 1730 724 1778 ab
742 1730 789 1779 ili·
825 1732 980 1782 crndelitate
1006 1730 1117 1779 fortunae
1149 1728 1291 1790 Polynices
1318 1725 1353 1777 ati

261 1805 320 1868 giuo
337 1809 426 1853 ctus
446 1815 594 1854 recensetur
611 1806 678 1854 inter
691 1805 789 1854 Heroas
826 1806 991 1870 parricidium
1002 1811 1156 1853 servaretur.
1174 1801 1286 1851 ΜΝ.
1405 1800 1409 1806 ”

261 1879 603 1940 acurrihuasniaproditoa.
638 1879 693 1928 Niai
711 1879 732 1927 is
753 1885 790 1927 ta·
857 1877 1227 1944 628Arioaecpgatn113quna
1244 1875 1355 1939 Amphi·
1458 1915 1460 1922 .

262 1968 332 2015 men,
348 1955 463 2016 seposita
482 1953 567 2002 fabrile
585 1968 658 2004 casus
676 1952 709 2002 ad
727 1951 791 2001 lnt'e·
826 1957 888 2006 arui.
904 1957 980 2004 Idem.

264 2045 317 2091 ror,
334 2045 411 2079 curru
423 2031 522 2091 lapsum
534 2030 652 2077 interisse
670 2026 791 2076 credidit.
859 2035 908 2080 500
924 2031 991 2079 Hiar
1005 2028 1140 2090 majano]
1156 2024 1355 2090 Quomodojna·

263 2104 331 2152 Vide
343 2104 463 2166 Apollod.
474 2103 519 2150 lib.
532 2117 574 2152 ιιι.
591 2103 680 2150 Barth.
828 2119 870 2155 aua
878 2105 941 2155 ordo
952 2105 1074 2154 dictabat.
1086 2104 1160 2152 Iule·-

304 2183 351 2226 505
377 2177 427 2224 Per
448 2182 516 2238 tergo
540 2176 643 2237 uolutus]
671 2175 792 2224 Habena·
860 2185 908 2230 ott
926 2176 1173 2239 Scallorleaoleltut]
1189 2177 1276 2226 Multa
1286 2175 1354 2224 enlm

266 2267 322 2302 rum
334 2265 438 2313 nexum,
449 2264 499 2314 qno
515 2252 645 2300 involutus
656 2265 704 2313 per
720 2257 793 2313 terga
829 2255 898 2305 bella
908 2255 1036 2304 Herculea
1047 2267 1094 2316 per
1103 2253 1247 2303 exercitum
1258 2252 1356 2314 gessit:

265 2327 358 2382 fuerat,
369 2327 500 2388 liberavit,
512 2341 544 2374 ne
553 2341 628 2374 curru
641 2326 702 2375 loris
710 2325 793 2390 impli-
829 2337 859 2379 nt
876 2337 966 2378 eontra
976 2330 1157 2392 Eurystheum,
1167 2335 1259 2376 contre
1276 2327 1357 2376 Echa-

266 2403 334 2453 citua
344 2403 497 2450 treheretnr.
514 2403 626 2451 erctnnl.
830 2405 900 2466 liam,
916 2410 1007 2453 contra
1024 2403 1136 2466 Trojam.
1169 2402 1246 2450 Unde
1263 2401 1355 2464 virgil.

298 2482 346 2527 500
364 2476 603 2537 Moderomiaetiher]
620 2475 650 2526 ld
668 2484 719 2535 eat,
738 2489 796 2524 rec·
830 2479 999 2542 ‘Trojamquc
1012 2476 1211 2540 Echetlamque!
1233 2476 1355 2526 Necnon

268 2558 341 2602 tore:
358 2552 401 2615 qui
414 2565 537 2600 excussus
557 2565 633 2600 curru
645 2551 795 2600 volvebatur
831 2551 909 2601 etiarn
928 2552 954 2599 in
977 2550 1077 2612 Africa,
1097 2559 1164 2600 teste
1185 2551 1293 2600 Sallust.
1311 2551 1356 2615 qui

271 2627 422 2691 lnpnlverc.
440 2628 516 2676 Idem.
832 2626 888 2675 ait:
906 2625 1064 2691 ‘Postquam
1076 2626 1200 2676 Hercules
1212 2625 1239 2672 in
1258 2623 1357 2688 Africa,

300 2705 347 2750 507
366 2701 439 2750 Petri
456 2700 548 2761 tellure]
566 2697 690 2748 Definitio
707 2700 795 2763 phire·
832 2701 897 2750 sicot
915 2708 1015 2763 putant.
1026 2702 1136 2762 interiit,
1153 2701 1286 2750 exercitus
1302 2699 1357 2764 ejna

269 2775 313 2824 ria.
332 2775 407 2823 luen.
832 2776 910 2825 variis
919 2775 1039 2838 gentibus
1050 2776 1193 2838 permixtus
1205 2775 1264 2825 eet!
1282 2775 1357 2824 Idan.
1393 2813 1394 2816 η

301 2853 350 2898 500
369 2848 490 2897 Thessales
497 2848 563 2912 exis]
579 2847 683 2898 Admeti
695 2849 796 2913 aurigas
864 2853 913 2898 555
931 2849 1054 2912 Terribile]
1072 2850 1218 2899 Declinatio
1228 2865 1245 2899 a
1255 2857 1359 2899 contra·

271 2923 346 2974 modo
365 2923 561 2984 demonstravit,
577 2939 591 2973 a
610 2925 673 2973 locis
690 2925 746 2973 aive
763 2924 797 2974 ai»
833 2925 882 2987 rio,
900 2931 1008 2986 propter
1028 2926 1170 2987 emphasin,
1188 2925 1251 2990 quia
1268 2939 1357 2975 aurun

270 2998 352 3064 equis.
383 2998 797 3060 SicVirgil.rlncesnnvinmuon
833 2998 986 3047 naturaliter
1003 2999 1135 3050 delectere
1155 3001 1230 3062 solet,
1251 3009 1283 3050 ut
1304 3002 1358 3064 ipae

270 3073 489 3134 arrianominlbus,
506 3073 550 3122 aed
566 3073 797 3135 intelligendosfe·
834 3073 917 3122 alibi:
945 3075 1087 3137 ‘armaque
1107 3075 1134 3122 in
1167 3089 1230 3123 auro
1257 3074 1359 3125 tristia:

270 3150 308 3200 eit
330 3148 457 3198 diceudo:
491 3149 542 3197 ‘Et
558 3162 625 3196 nnnc
646 3149 736 3196 Pistris
753 3150 796 3196 ha·
834 3148 909 3197 Iden.
943 3148 1076 3216 Notualpr]
1106 3149 1218 3199 Omnino
1246 3149 1360 3199 acribea·

271 3225 335 3274 het:
362 3238 410 3271 uec
435 3223 531 3272 riclam
563 3222 680 3284 praeterit
706 3223 797 3283 ingena
834 3224 893 3272 dnm
904 3223 1022 3273 roluhtur.
1053 3225 1358 3287 Uteatinoptlmonea·

273 3299 419 3348 Centaurus
448 3296 621 3359 Sergestum?
653 3296 797 3360 significare
834 3305 923 3354 tro.ct
939 3299 1091 3349 nonnemine
1106 3299 1211 3348 aliorum
1229 3300 1359 3349 librorum.

271 3374 371 3427 rolens,
384 3379 412 3420 et
424 3371 596 3420 Mnestheum.
630 3373 709 3421 Herna
728 3372 799 3421 Lem·
834 3371 921 3434 Ipaaru
942 3373 1009 3421 eninr
1032 3375 1185 3423 rotationem
1209 3373 1360 3438 praefigura-

271 3447 440 3510 aiua1Unnm
459 3445 492 3494 de
511 3447 618 3508 geminis
642 3446 798 3509 Hypsipyles
835 3455 887 3496 tam
898 3446 971 3496 dicit.
1005 3447 1359 3513 Imitatnrsidonfflanegyr.

274 3523 348 3585 dicit,
359 3535 465 3586 qnorum
477 3521 542 3568 ulter
550 3521 694 3584 Tlioasjarn
704 3528 799 3583 rnetst,
835 3522 971 3584 Maiorian.
994 3523 1097 3584 ‘prima
1116 3533 1238 3573 crraentoa
1264 3525 1361 3574 Coean-

273 3596 334 3646 dnm
362 3593 501 3644 Adsuetum
527 3596 661 3659 praeterirc
685 3595 799 3646 festinat·
835 3605 908 3646 munt
920 3597 952 3646 ad
966 3598 1032 3646 bella
1050 3599 1129 3660 cibos,
1148 3600 1307 3663 Bacchoque
1323 3615 1360 3649 ro·

277 3673 354 3722 Iocat-
837 3679 892 3726 tato
898 3674 996 3724 Pocula
1006 3676 1057 3724 tela
1068 3677 1182 3740 putant.'
1197 3677 1288 3728 Beth

305 3749 353 3796 uu
364 3745 448 3806 Erigit
459 3747 490 3793 nul
499 3759 590 3794 artum
601 3746 711 3794 comitant
719 3745 800 3808 copul]
868 3751 915 3796 507
933 3748 1009 3810 Sum,
1021 3750 1101 3813 furca]
1117 3752 1209 3813 Pugna
1220 3754 1361 3804 Centauro·

274 3821 335 3872 Nun
346 3821 492 3880 tolerasset,
509 3822 610 3882 opinor,
626 3828 676 3868 tem
697 3821 740 3868 diu
751 3821 800 3869 hoc
837 3829 930 3870 tumet
947 3823 1112 3886 Lapitharum
1130 3825 1155 3873 in
1173 3835 1277 3875 cratere
1294 3828 1361 3890 picta

274 3897 376 3958 vitium,
393 3897 414 3944 si
430 3895 460 3944 eh
475 3895 584 3944 cornuum
603 3895 799 3944 intellexissent.
837 3903 903 3954 erat,
921 3897 1006 3959 quiin
1021 3898 1138 3946 convivio
1154 3897 1257 3948 efferati
1277 3899 1362 3951 furore

274 3971 347 4020 Nihil
359 3979 443 4020 tamen
459 3971 612 4018 menrbrenn
632 3978 742 4030 mutent,
754 3970 800 4018 nisi
837 3985 885 4020 nec
897 3973 995 4035 poculis
1007 3982 1187 4035 pepercerunt.
1221 3975 1362 4026 UndeVir·

276 4044 344 4107 quoti
367 4047 477 4107 optimus
496 4045 563 4091 inter
583 4058 684 4093 seratis:
710 4047 801 4094 reloc-
836 4045 880 4109 gii.
912 4047 967 4095 ‘Et
987 4060 1078 4110 magno
1104 4049 1226 4110 Hytaenm
1249 4051 1363 4115 Lapithis

276 4133 356 4169 uras.
390 4119 477 4182 Lege:
491 4119 576 4180 Erigit
587 4134 683 4170 occursu
692 4121 801 4171 comitam
837 4127 940 4172 cratere
950 4122 1108 4174 minantem?
1122 4123 1234 4174 munt.
