3032 4858
438 417 524 467 nar.
547 417 647 467 uren.
669 417 743 465 nra.
765 417 854 466 xxr.
874 401 928 467 84.
1154 403 1242 471 8287

199 558 367 630 Saliuncae
390 555 489 626 radix
498 554 537 624 ¹in
553 559 631 625 vino
646 559 790 625 decocta
804 560 893 624 sistit
905 559 1117 639 vomitiones,
1132 557 1242 631 corro-

155 665 254 730 borat
266 663 484 729 stomachum.

201 781 371 829 nxxxrv.
393 763 513 828 Polio¹
536 759 711 827 Musaeus⁰
731 765 764 824 et
780 760 955 826 Hesiodus
970 764 1107 844 perungi
1125 763 1243 847 jubent

154 865 355 948 dignationis
376 861 581 947 gloriaeque*
603 861 741 928 avidos:
763 862 891 945 polium
912 863 1059 938 tractari,
1075 864 1161 928 coli:
1183 884 1243 948 po·

155 966 237 1030 lium
265 973 403 1030 contrap
423 970 596 1048 serpentes
624 963 800 1038 substerni,
830 963 891 1041 uri,
921 964 1072 1046 poturi:q
1100 966 1133 1028 in
1164 967 1242 1030 vino

155 1065 299 1148 decoqui
314 1078 442 1144 recens,
456 1065 513 1130 vel
535 1063 675 1142 aridum,
691 1063 854 1147 illinique.
897 1063 1084 1147 splenicis3
1095 1073 1114 1113 ’-
1127 1067 1243 1149 propi·
1272 1101 1279 1114 ·

155 1173 235 1230 nant
249 1183 292 1230 ex
306 1171 422 1231 aceto:
445 1167 562 1231 morbo
578 1167 688 1248 regio·
710 1167 743 1229 in
757 1167 859 1229 vino:
881 1172 913 1230 et
927 1165 1139 1248 hydropicts‘
1160 1167 1242 1230 inci·

155 1267 325 1349 pientinus
354 1267 388 1330 in
416 1269 493 1333 vino
523 1267 707 1332 decoctum.
751 1265 980 1330 Vulneribne¹⁸
1007 1285 1139 1348 qnoque
1169 1269 1243 1330 sio⁴

154 1367 295 1432 illinunt·
339 1367 510 1432 Secundae
524 1369 707 1444 mulierum,
724 1374 903 1450 partusque
918 1361 1085 1430 emortuos
1100 1367 1197 1449 pellit
1210 1373 1241 1431 :⁵

154 1469 238 1532 item
252 1468 384 1533 dolores
399 1470 558 1551 corporis.
602 1467 744 1532 Vesicae
764 1469 887 1532 inanit:
910 1472 944 1532 et
957 1467 1127 1549 epiphoris
1143 1468 1242 1531 illini·

154 1573 218 1632 tur.
261 1567 336 1634 Nec
360 1569 464 1650 magis
489 1567 556 1632 ulie
579 1568 679 1632 herbe
704 1571 855 1634 convenit
878 1567 1129 1646 medicamento,
1149 1568 1241 1650 quod

154 1669 467 1752 alexipharmaconv
490 1674 619 1733 vocant.
664 1668 842 1734 Stomacho
860 1675 1000 1731 tameu'
1018 1669 1131 1733 inutile
1152 1689 1240 1742 esse,

153 1776 323 1852 caputque
342 1789 383 1834 eo
404 1771 545 1853 impleri,
566 1777 601 1834 et
625 1771 775 1834 abortum
797 1769 866 1833 fieri
881 1777 975 1852 poto,
990 1770 1096 1852 aliqui
1111 1776 1240 1852 negant.

154 1867 233 1932 Ad⁶
254 1870 441 1952 religionem
457 1871 595 1948 addunt,
610 1872 666 1936 uhi
681 1873 848 1936 inventum
870 1871 926 1947 sit,
948 1871 1098 1953 protinus
1122 1871 1238 1934 adalli-

154 1972 321 2052 gandum⁷
348 1977 460 2036 contra
485 1972 655 2037 oculorum
683 1971 890 2048 suffusiones,
920 1970 1169 2053 cavendumque
1197 1989 1238 2035 ne

152 2076 272 2136 terram
287 2072 436 2154 attingat.
480 2071 530 2136 Hi
554 2078 588 2137 et
611 2071 694 2136 lolio
718 2074 793 2158 ejus
816 2071 931 2154 thymo
951 2071 1074 2134 similia
1093 2070 1238 2149 tradunt,

153 2170 219 2238 nisi
232 2172 324 2256 qnod
349 2173 500 2237 molliora
521 2179 607 2250 sunt,
632 2179 666 2237 et
690 2172 853 2236 lanatiore
875 2171 1011 2236 canitie.
1056 2169 1141 2234 Cum
1163 2177 1239 2234 rute

604 2366 780 2390 omomneo

186 2501 255 2551 Gan.
272 2512 389 2551 cxxxrv.
424 2505 436 2549 1
455 2501 533 2550 Pellio
544 2499 676 2550 chiffl—2
693 2501 736 2550 Ite
747 2513 778 2548 ex
787 2496 861 2548 cedd.
870 2494 1017 2547 Herdolnnr
1026 2499 1052 2543 et
1064 2499 1173 2543 recentt.
1184 2493 1239 2554 dig·

152 2566 343 2626 adharamita
351 2565 477 2626 glorime
488 2565 602 2614 Gronov.
613 2575 640 2614 et
652 2567 736 2628 rulgg.
764 2565 825 2612 hicn
837 2561 912 2611 codd.
924 2561 1013 2609 Dalec.
1024 2567 1050 2608 et
1061 2555 1146 2606 cutffi.
1161 2558 1239 2607 ueidr'r

150 2629 469 2692 umectantemque.
487 2629 563 2679 cedd.
575 2628 712 2692 Herdnini,
722 2629 816 2676 midos:
831 2625 918 2688 polium
929 2623 1036 2686 tencteri,
1046 2623 1106 2672 coll:
1123 2621 1238 2672 Gronov.

152 2701 181 2742 et
197 2693 283 2756 rnlgg.
299 2692 380 2740 caldor
394 2693 481 2754 pelium
496 2697 606 2746 tractore.
622 2695 751 2742 colere-tt
768 2691 826 2738 ‘lta
844 2691 908 2738 hene
920 2688 976 2735 cod.
990 2688 1053 2747 ling.
1065 2689 1089 2734 2·
1105 2694 1132 2734 et
1150 2685 1236 2734 Editio

152 2755 291 2820 princepe!
306 2757 411 2805 Bretier.
439 2755 503 2817 Reg.
518 2756 601 2805 ilerd.
613 2761 636 2806 1.
646 2754 869 2814 colemnitatem.
889 2751 1012 2798 Herdoin.
1024 2749 1120 2822 Miller.
1133 2749 1238 2810 Bipout.

153 2831 181 2870 et
193 2819 283 2868 Franz.
299 2819 481 2878 uletereimri,
490 2821 526 2868 eel
534 2820 633 2882 parturi.
651 2819 682 2868 Ie
692 2820 755 2880 eine,
764 2819 804 2879 lte.
846 2816 953 2864 Saintes.
964 2813 1090 2871 aubeterre,
1099 2814 1182 2877 ruffini,
1195 2827 1238 2875 po·

151 2883 202 2932 teri
217 2885 243 2933 lrr
258 2884 320 2941 eleo,
335 2884 431 2945 decoqui
446 2897 524 2931 recena
539 2885 575 2931 eel
590 2884 691 2941 aridum,
707 2883 821 2944 illinique,
837 2882 876 2942 hc.
899 2878 1012 2928 Gronov.
1029 2884 1057 2925 et
1073 2876 1157 2938 vnlgq.
1177 2883 1238 2925 ente

151 2947 281 2998 Herdulu.
296 2947 495 2996 eluminat
503 2952 620 3008 portum
653 2947 742 2995 Medici
752 2947 778 2993 ln
788 2946 978 3004 einedecoquunt
987 2975 994 2990 .
1003 2973 1027 2988 ·.
1038 2941 1187 3002 illineretque,
1201 2941 1238 2988 ael

151 3011 291 3075 epleeehet'e·
308 3011 369 3059 Cod.
382 3011 473 3058 Doleo.
484 3011 600 3058 rellrtmi
609 3012 646 3060 eel
655 3010 741 3073 poturi,
752 3017 802 3058 cet.
810 3014 839 3057 ut
849 3008 873 3054 ln
880 3005 1040 3055 Gronau—d
1052 3004 1110 3052 Vox
1119 3006 1154 3050 etc
1163 3001 1237 3052 deert

153 3077 181 3124 iu
191 3074 249 3123 cod.
261 3074 397 3124 Deice-o
415 3075 457 3123 lte
467 3074 541 3122 codd.
553 3074 754 3132 Herennianis
765 3071 823 3119 edd.
834 3069 959 3119 Herdoin.
970 3072 993 3116 l.
1004 3070 1028 3116 2.
1039 3070 1063 3114 3.
1080 3075 1108 3114 et
1126 3072 1236 3115 recenti.

151 3143 266 3188 emoriere
273 3138 368 3201 expetite
379 3138 439 3186 Ver.
453 3139 542 3189 Delec.
565 3144 667 3187 mortuae
676 3137 743 3202 pettit
752 3133 834 3185 chiffl.
859 3139 973 3182 emortuos
983 3130 1072 3194 repetiit
1083 3129 1198 3179 Gronov.
1209 3138 1237 3178 et

153 3203 289 3267 vulgo-tt
307 3203 340 3251 Et
351 3198 481 3252 chiffl—'t
499 3201 573 3252 idem
584 3201 667 3252 codex
684 3201 884 3262 elligendum-8
902 3203 909 3226 ¹
922 3197 965 3247 Ite
979 3193 1054 3244 codd.
1066 3193 1158 3258 Rem
1175 3193 1237 3242 lire·

639 3366 746 3419 NOTAE

152 3487 209 3536 tte.
225 3488 232 3511 ¹
243 3481 360 3532 Credunt
374 3495 406 3530 ee
421 3493 505 3530 ruerus
515 3485 581 3543 rute,
592 3479 674 3529 rohel-
745 3478 753 3510 ⁸
770 3477 803 3525 lit
814 3474 957 3540 hydropicis]
973 3472 1062 3522 Dieuc.
1071 3471 1120 3520 loc.
1131 3471 1177 3522 cit.

149 3559 214 3619 lere,
225 3571 280 3621 qua
292 3556 446 3616 cnrereriut,
458 3555 537 3604 vitia:
556 3568 606 3618 quo
617 3567 673 3604 ece·
744 3561 756 3588 ¹
776 3553 927 3615 Vulneribus]
947 3551 1032 3600 Diorc.
1043 3551 1090 3598 loc.
1099 3549 1144 3598 cit.

150 3632 403 3694 iereetplenteqine
416 3629 539 3678 utuntur!
743 3628 993 3692 'Ateriphurrnocoel
1028 3623 1235 3688 Ἀλιειφάρμακον,

183 3706 280 3756 ⁰de
293 3705 404 3767 timer]
414 3704 482 3752 Vide
493 3717 549 3767 qun
561 3703 671 3752 dixlmnr
710 3707 837 3756 remediare
858 3707 968 3754 doecre
984 3716 1080 3763 emme,
1097 3701 1235 3750 amuletum

151 3795 210 3844 cap.
219 3784 260 3830 21.
711 3789 802 3832 contre
814 3781 948 3830 veneticis.

181 3857 304 3906 craten
324 3853 416 3916 coeno]
447 3850 516 3902 Vide
538 3853 621 3902 Notae
644 3858 673 3903 et
744 3857 900 3906 'Stercuto
916 3854 1004 3916 umen]
1022 3852 1151 3902 Prodente
1161 3857 1235 3901 certe

150 3931 260 3981 Emend·
271 3945 339 3979 num·
351 3932 391 3977 1⁷·
712 3933 874 3983 stomachicis
886 3932 971 3995 polion
981 3945 1039 3980 curn
1050 3929 1125 3977 melle
1137 3927 1235 3989 tritum,

181 4005 297 4054 el’eturi
321 4002 423 4067 [μίανί]
448 3999 516 4050 Vide
536 4001 619 4053 Notae
646 4008 674 4054 et
713 4015 803 4057 unctor
826 4015 866 4056 est
884 4007 1021 4056 Marcellae
1035 4019 1058 4052 c.
1076 4007 1116 4052 11).
1133 4018 1159 4066 p.
1179 4006 1235 4052 119.

150 4080 259 4133 &mend
271 4094 339 4128 num.
348 4082 387 4127 18.
714 4081 909 4132 contremere.
927 4083 978 4131 loe.
997 4079 1042 4128 cit.
1062 4083 1089 4127 et
1105 4079 1234 4127 mulceto-

179 4163 194 4199 r
208 4155 337 4220 Spteeiele]
353 4152 443 4204 Diosc-
452 4167 495 4205 ιιι.
508 4157 562 4204 itt.
713 4158 828 4206 mochum
840 4155 945 4220 hebere,
963 4159 990 4206 et
1005 4153 1073 4204 ciere
1085 4152 1176 4217 cepitis
1187 4151 1232 4203 do·

181 4243 192 4268 ·
207 4229 377 4294 uatem]
392 4230 480 4281 Dieuc.
492 4230 541 4282 loc.
552 4231 598 4280 cit.
713 4233 793 4284 iorem
802 4230 901 4283 scribit.
