2990 4860
425 391 514 443 ιιιι.
536 391 635 444 meu.
658 393 734 441 ιιι.
757 391 871 443 xvnr.
893 380 948 445 57.
1140 377 1227 449 7899

132 533 279 600 cessavit
290 539 403 600 tamen
415 534 621 616 addubitare,
636 537 712 622 ipse
727 545 830 603 comet
838 539 1046 623 corrigendo.
1061 538 1226 608 Auctorea

132 634 308 720 prodidere
334 657 387 712 ea,
423 657 507 720 quos
532 638 804 722 praetexuimusu
835 641 995 706 volumini
1028 642 1117 719 huie,
1149 661 1226 708 raro

132 738 234 802 ullius
246 739 411 802 sententia
425 758 501 802 cnm
513 739 583 802 alio
593 746 803 822 congruente.
834 741 949 807 Minus
963 743 1029 808 hoc
1040 744 1072 807 in
1086 744 1226 825 reliquie

132 840 264 917 mirum,
287 858 374 922 qnos
395 839 517 904 diversi
540 841 774 906 excusaverint
786 849 813 880 ¹⁰
835 848 970 908 tractus.
1015 843 1141 910 Eorum
1167 845 1225 929 qui

132 939 167 1002 in
190 941 310 1006 eadem
335 940 469 1024 regione
498 941 677 1020 dissedere,
704 959 805 1005 unam
830 941 1031 1010 discordiam
1059 941 1226 1029 ponemus

133 1041 282 1124 exempli
309 1043 437 1122 gratia:
459 1061 617 1107 occasum
637 1043 835 1106 matutinum
857 1042 1079 1126 Vergiliarum
1104 1045 1227 1110 Hesio·

132 1141 195 1206 dns
207 1145 299 1220 (nam
313 1143 409 1224 hujus
428 1161 562 1226 qnoque
576 1143 708 1207 nomino
722 1148 817 1208 extat
832 1141 1027 1227 Astrologia
1036 1145 1068 1224 ¹²)
1089 1145 1227 1210 tradidit

132 1241 216 1320 fieri,
238 1263 316 1308 cum
339 1245 577 1327 aequinoctium
597 1244 748 1307 autumni
772 1243 995 1310 conficeretur.
1038 1245 1210 1310 Thales
1177 1267 1227 1310 vr·

132 1343 261 1425 gaeimo
277 1343 394 1426 quinto
421 1343 475 1408 die
500 1345 773 1426 abaequinoctio·
798 1341 1047 1411 Anaximander
1065 1347 1228 1430 vigesimo

132 1461 243 1509 ιιοιιο·
267 1443 477 1510 Euctemon⁰
501 1460 645 1508 xuvrn.

178 1544 255 1609 Nos
284 1565 460 1628 sequemur
481 1546 747 1611 observationem
763 1545 926 1612 Caesaris:
949 1568 1096 1614 maxime
1106 1556 1129 1587 ¹¹
1151 1549 1226 1612 haee

133 1645 196 1710 orit
212 1645 324 1710 ltalia
338 1646 436 1710 ratio.
481 1645 643 1710 Dicemus
657 1651 768 1710 tamen
783 1652 817 1710 et
828 1646 966 1711 aliorum
982 1648 1130 1731 placita:
1142 1667 1229 1730 qno·

111 1792 116 1798 -
133 1746 225 1811 niam
235 1765 302 1810 non
314 1747 411 1810 unius
427 1753 536 1826 terrae,
549 1747 608 1811 aed
624 1747 728 1811 totins
738 1753 867 1812 naturae
881 1748 1076 1832 interpretes
1093 1766 1229 1812 somnae

80 1892 85 1900 .
134 1865 201 1910 uon
217 1848 412 1912 auctoratius
427 1849 548 1932 positis
562 1846 613 1932 (id
636 1849 925 1914 enim'uerhosum
936 1847 1003 1933 ost)
1017 1849 1076 1914 aad
1089 1849 1229 1933 regioni·

135 1947 222 2011 hus:
244 1948 424 2030 legentes¹²
446 1954 575 2015 tantum
589 1949 806 2029 meminerint,
828 1949 1002 2015 breuitatis
1018 1950 1136 2030 gratia,
1151 1969 1228 2014 cum

135 2049 254 2116 Attica
265 2051 433 2116 nominata
446 2050 557 2131 fuerit,
579 2053 680 2118 simul
693 2052 874 2134 intelligere
892 2051 1060 2134 Cycladas
1073 2052 1226 2118 insulas:

135 2172 214 2217 cum
241 2151 454 2232 Macedonia,
477 2153 696 2238 Magnesiam,
723 2153 921 2219 Thraciam:
943 2173 1021 2219 cum
1044 2155 1225 2239 AEgyptus,

135 2254 331 2334 Phoenicen,
364 2254 523 2340 Cyprum,
549 2255 723 2320 Ciliciamz
758 2275 836 2319 cum
864 2255 1011 2332 Boeotia,
1038 2254 1229 2334 Locridem,

136 2355 333 2434 Phocidem,
346 2362 380 2420 et
396 2355 557 2421 finitimos
572 2373 702 2438 semper
716 2360 865 2421 tractus:
880 2373 956 2419 cum
969 2353 1227 2437 Hellespontus,

137 2455 418 2535 Cherronesum,¹³
439 2463 473 2520 et
494 2455 701 2521 continentia
725 2474 834 2538 nsque
858 2452 1127 2518 Athamentem:
1151 2472 1228 2518 cum

136 2557 247 2635 Ionia,
271 2555 402 2634 Asiam,
423 2561 457 2622 et
487 2557 613 2622 insulae
639 2554 752 2620 Asiae:
782 2575 859 2622 cum
884 2553 1151 2639 Peloponnesus,
1180 2552 1230 2620 A·

137 2657 270 2723 chaiam
285 2663 318 2722 et
333 2659 376 2724 ad
394 2657 585 2744 Hesperum
595 2665 644 2706 ¹⁴⁹
660 2659 813 2741 jacentes
833 2664 949 2722 terras.
993 2654 1147 2721 Chaldaei
1162 2655 1231 2721 Aa·

593 2803 696 2826 mmo
697 2803 772 2825 ΜΝ

137 2897 277 2962 diligentior
290 2905 351 2951 erret
369 2901 452 2952 ceterie
468 2901 582 2954 Gronov.
600 2908 628 2952 et
638 2902 724 2966 ruigg
726 2906 789 2952 -io
806 2899 870 2952 Cod
880 2899 972 2950 Deice.
988 2905 1164 2950 eameram
1165 2904 1228 2950 -11

138 2965 252 3015 Gronov
268 2965 421 3028 nataeque.
421 2969 486 3015 -12
502 2966 544 3016 Ita
558 2967 633 3018 codd.
644 2965 773 3017 Hardoini
790 2974 818 3014 ot
829 2965 890 3014 Ver.
902 2964 993 3014 Doleo.
1009 2969 1036 3013 ue
1047 2967 1150 3026 legenter
1161 2965 1228 3014 Gro-

137 3041 196 3078 nor.
207 3035 236 3078 et
247 3029 333 3094 ruigg.
334 3033 400 3080 -19
417 3029 582 3081 Cherronesum
592 3031 650 3082 eod.
661 3032 753 3082 Doleo.
754 3033 819 3080 -u
836 3030 901 3080 Cori.
912 3029 1005 3081 Dahae.
1028 3034 1052 3078 et
1062 3030 1094 3078 ud
1102 3043 1231 3092 ruperam

630 3193 738 3246 NOTAE

138 3315 663 3381 dirmincieionemandaritw’liedempm
703 3309 1230 3377 mata,qnodoxtutinArrtiVitnquum

138 3405 171 3442 ne
183 3391 269 3442 rerhir
288 3405 342 3442 rem
354 3397 441 3444 namt
457 3394 594 3443 Sciinnrc.
605 3406 624 3441 r.
637 3407 663 3457 p.
705 3386 1166 3451 PetnviurediditinUrrnoiogio,p.
1172 3389 1231 3436 979.

139 3473 164 3518 ὅ.
176 3467 426 3530 Videapndl’etrr.
433 3469 567 3519 deDootr.
574 3469 664 3556 Temo.
704 3464 748 3513 De
766 3462 946 3524 hroHeriodi,
965 3462 1142 3526 hhrletieqne,
1152 3459 1230 3509 eth

138 3556 179 3592 rr.
190 3547 215 3593 9.
228 3557 253 3607 p.
265 3546 322 3592 919.
334 3543 519 3607 diagramma·
513 3529 664 3607 rnqnohie-
704 3539 867 3588 ominandri
887 3534 1139 3587 ranteorleeundem
1152 3536 1231 3584 Petu·

139 3619 245 3668 nextiieu
259 3617 314 3668 dier
326 3625 378 3668 ιιιιι
390 3619 475 3669 rationi
488 3631 562 3682 quam
578 3631 664 3667 emen·
705 3613 773 3662 rium
791 3613 905 3674 concula,
923 3613 985 3661 Ver.
1002 3610 1231 3662 Dicaerchum

139 3691 193 3744 dati
205 3694 366 3758 apertissime
378 3693 649 3757 ruhjicianturoeuiie.
704 3689 757 3739 nul
769 3702 800 3738 ιι.
811 3692 836 3738 9.
849 3702 873 3751 p
867 3691 925 3738 ..97

170 3777 189 3804 ¹
207 3768 464 3832 Qmpraeteeaim]
481 3768 664 3830 Lihroprimn,
736 3763 907 3827 ⁰Eaetemoo]
931 3760 1066 3824 thro-iuer.
1096 3761 1140 3811 De
1155 3775 1187 3812 eo
1204 3761 1230 3811 in

136 3843 166 3893 in
178 3843 273 3895 indice
283 3843 418 3893 voluminis
427 3843 502 3906 hujus
515 3843 608 3894 decimi
622 3856 665 3892 oe·
706 3840 851 3891 Auctorem
870 3838 969 3890 Indice.
999 3839 1044 3888 Sic
1058 3835 1119 3888 lihri
1133 3849 1232 3887 omnen.

136 3920 201 3969 ιιιΙ.
705 3917 847 3981 Perpenna
858 3919 989 3967 Eudamo
1003 3927 1128 3980 reponere
1138 3911 1240 3970 nititur,

169 4001 182 4028 ¹
198 3991 351 4056 amm]
363 3991 546 4043 Laudaturhie
556 3991 666 4042 Hesiodi
706 3991 826 4041 Pithoenr
838 3990 947 4042 hdrerr.
959 4003 990 4040 ιι.
1004 3994 1043 4040 19.
1056 4004 1082 4052 p.
1092 3991 1151 4038 494.

134 4068 205 4118 iiber
222 4081 240 4118 a
258 4067 372 4129 umore,
390 4075 418 4118 et
435 4074 541 4118 vocator
554 4067 666 4130 Ἀστρικὴ
738 4075 751 4110 9
769 4065 1001 4130 Etedflerperum]
1023 4064 1134 4126 Eiidem,
1153 4060 1232 4112 Arca·

134 4141 242 4200 βίβλου
253 4141 332 4206 idque
342 4141 450 4192 Hesiodi
458 4143 594 4207 genuinam
601 4156 666 4206 epae
705 4141 784 4210 dhar,
795 4143 961 4194 Meuaniam.
981 4155 983 4160 ·

135 4215 221 4270 fuine
232 4217 402 4270 ωιίιπιιιῑιιιι
411 4217 490 4269 docet
497 4217 524 4268 in
531 4216 665 4282 Epirum·
