<?xml version="1.0" encoding="UTF-8"?>
<!DOCTYPE html PUBLIC "-//W3C//DTD XHTML 1.0 Transitional//EN"
    "http://www.w3.org/TR/xhtml1/DTD/xhtml1-transitional.dtd">
<html xmlns="http://www.w3.org/1999/xhtml" xml:lang="en" lang="en">
 <head>
  <title>
</title>
<meta http-equiv="Content-Type" content="text/html;charset=utf-8" />
  <meta name='ocr-system' content='tesseract 3.04.00' />
  <meta name='ocr-capabilities' content='ocr_page ocr_carea ocr_par ocr_line ocrx_word'/>
</head>
<body>
  <div class='ocr_page' id='page_1' title='image "./cpliniisecundin00brotgoog_0143.png"; bbox 0 0 2990 4860; ppageno 0'>
   <div class='ocr_carea' id='block_1_1' title="bbox 267 385 988 460">
    <p class='ocr_par' dir='ltr' id='par_1_1' title="bbox 267 385 988 460">
     <span class='ocr_line' id='line_1_1' title="bbox 267 385 988 460; baseline -0.008 0"><span class='ocrx_word' id='word_1_1' title='bbox 267 394 354 460; x_wconf 64' lang='lat'><strong>2926</strong></span> <span class='ocrx_word' id='word_1_2' title='bbox 503 385 507 392; x_wconf 75' lang='grc'><strong>’</strong></span> <span class='ocrx_word' id='word_1_3' title='bbox 624 410 656 458; x_wconf 89' lang='lat' dir='ltr'><strong>c.</strong></span> <span class='ocrx_word' id='word_1_4' title='bbox 680 407 800 456; x_wconf 82' lang='lat' dir='ltr'><strong>rnruu</strong></span> <span class='ocrx_word' id='word_1_5' title='bbox 825 407 988 456; x_wconf 70' lang='lat' dir='ltr'><strong>securior</strong></span> 
     </span>
    </p>
   </div>
   <div class='ocr_carea' id='block_1_2' title="bbox 260 550 1357 2759">
    <p class='ocr_par' dir='ltr' id='par_1_2' title="bbox 260 550 1357 2759">
     <span class='ocr_line' id='line_1_2' title="bbox 268 550 1357 636; baseline -0.006 -18"><span class='ocrx_word' id='word_1_6' title='bbox 268 573 344 618; x_wconf 91' lang='lat' dir='ltr'><strong>cnm</strong></span> <span class='ocrx_word' id='word_1_7' title='bbox 360 555 457 617; x_wconf 88' lang='lat' dir='ltr'><strong>terris</strong></span> <span class='ocrx_word' id='word_1_8' title='bbox 472 553 549 618; x_wconf 88' lang='lat' dir='ltr'><strong>coeli</strong></span> <span class='ocrx_word' id='word_1_9' title='bbox 565 553 768 631; x_wconf 85' lang='lat' dir='ltr'><strong>societatem,</strong></span> <span class='ocrx_word' id='word_1_10' title='bbox 793 553 1022 636; x_wconf 81' lang='lat' dir='ltr'><strong>spernentibus</strong></span> <span class='ocrx_word' id='word_1_11' title='bbox 1048 551 1133 614; x_wconf 92' lang='lat' dir='ltr'><strong>banc</strong></span> <span class='ocrx_word' id='word_1_12' title='bbox 1156 565 1266 613; x_wconf 86' lang='lat' dir='ltr'><strong>caram</strong></span> <span class='ocrx_word' id='word_1_13' title='bbox 1283 550 1357 632; x_wconf 84' lang='lat' dir='ltr'><strong>ejus</strong></span> 
     </span>
     <span class='ocr_line' id='line_1_3' title="bbox 267 649 1357 740; baseline -0.007 -20"><span class='ocrx_word' id='word_1_14' title='bbox 267 657 522 740; x_wconf 85' lang='lat' dir='ltr'><strong>opulentissimis</strong></span> <span class='ocrx_word' id='word_1_15' title='bbox 537 655 671 731; x_wconf 87' lang='lat' dir='ltr'><strong>civium,</strong></span> <span class='ocrx_word' id='word_1_16' title='bbox 695 656 841 739; x_wconf 77' lang='lat' dir='ltr'><strong>praevisa</strong></span> <span class='ocrx_word' id='word_1_17' title='bbox 854 655 919 719; x_wconf 85' lang='lat' dir='ltr'><strong>olei</strong></span> <span class='ocrx_word' id='word_1_18' title='bbox 935 654 1070 716; x_wconf 87' lang='lat' dir='ltr'><strong>caritate</strong></span> <span class='ocrx_word' id='word_1_19' title='bbox 1083 671 1127 714; x_wconf 87' lang='lat' dir='ltr'><strong>ex</strong></span> <span class='ocrx_word' id='word_1_20' title='bbox 1149 650 1259 714; x_wconf 83' lang='lat' dir='ltr'><strong>sntnro</strong></span> <span class='ocrx_word' id='word_1_21' title='bbox 1274 649 1357 714; x_wconf 90' lang='lat' dir='ltr'><strong>Ver·</strong></span> 
     </span>
     <span class='ocr_line' id='line_1_4' title="bbox 268 751 1355 840; baseline -0.007 -19"><span class='ocrx_word' id='word_1_22' title='bbox 268 759 419 840; x_wconf 79' lang='lat' dir='ltr'><strong>giliarum</strong></span> <span class='ocrx_word' id='word_1_23' title='bbox 433 763 517 834; x_wconf 89' lang='lat' dir='ltr'><strong>ortu,</strong></span> <span class='ocrx_word' id='word_1_24' title='bbox 538 776 606 839; x_wconf 90' lang='lat' dir='ltr'><strong>qua</strong></span> <span class='ocrx_word' id='word_1_25' title='bbox 629 757 796 820; x_wconf 72' lang='lat' dir='ltr'><strong>diximus*</strong></span> <span class='ocrx_word' id='word_1_26' title='bbox 817 757 957 832; x_wconf 84' lang='lat' dir='ltr'><strong>ratione,</strong></span> <span class='ocrx_word' id='word_1_27' title='bbox 980 752 1263 836; x_wconf 80' lang='lat' dir='ltr'><strong>ostendemusque</strong></span> <span class='ocrx_word' id='word_1_28' title='bbox 1283 751 1355 833; x_wconf 85' lang='lat' dir='ltr'><strong>jam</strong></span> 
     </span>
     <span class='ocr_line' id='line_1_5' title="bbox 267 851 1356 943; baseline -0.008 -20"><span class='ocrx_word' id='word_1_29' title='bbox 267 860 406 943; x_wconf 87' lang='lat' dir='ltr'><strong>plenius,</strong></span> <span class='ocrx_word' id='word_1_30' title='bbox 422 866 622 940; x_wconf 82' lang='lat' dir='ltr'><strong>magnatum</strong></span> <span class='ocrx_word' id='word_1_31' title='bbox 636 858 767 922; x_wconf 88' lang='lat' dir='ltr'><strong>vilitate</strong></span> <span class='ocrx_word' id='word_1_32' title='bbox 777 865 805 896; x_wconf 86' lang='lat'><strong>²⁰</strong></span> <span class='ocrx_word' id='word_1_33' title='bbox 819 865 1056 941; x_wconf 85' lang='lat' dir='ltr'><strong>propterspenr</strong></span> <span class='ocrx_word' id='word_1_34' title='bbox 1066 854 1176 930; x_wconf 75' lang='lat' dir='ltr'><strong>olivae,</strong></span> <span class='ocrx_word' id='word_1_35' title='bbox 1191 851 1356 917; x_wconf 68' lang='lat' dir='ltr'><strong>coemisse</strong></span> 
     </span>
     <span class='ocr_line' id='line_1_6' title="bbox 266 957 1356 1041; baseline -0.008 -17"><span class='ocrx_word' id='word_1_36' title='bbox 266 962 299 1025; x_wconf 92' lang='lat' dir='ltr'><strong>in</strong></span> <span class='ocrx_word' id='word_1_37' title='bbox 316 967 386 1025; x_wconf 91' lang='lat' dir='ltr'><strong>toto</strong></span> <span class='ocrx_word' id='word_1_38' title='bbox 401 967 505 1026; x_wconf 90' lang='lat' dir='ltr'><strong>tractu</strong></span> <span class='ocrx_word' id='word_1_39' title='bbox 527 979 623 1024; x_wconf 89' lang='lat' dir='ltr'><strong>omne</strong></span> <span class='ocrx_word' id='word_1_40' title='bbox 638 960 759 1038; x_wconf 88' lang='lat' dir='ltr'><strong>oleum,</strong></span> <span class='ocrx_word' id='word_1_41' title='bbox 781 959 974 1023; x_wconf 89' lang='lat' dir='ltr'><strong>mirantibus</strong></span> <span class='ocrx_word' id='word_1_42' title='bbox 991 957 1049 1041; x_wconf 92' lang='lat' dir='ltr'><strong>qui</strong></span> <span class='ocrx_word' id='word_1_43' title='bbox 1072 961 1298 1036; x_wconf 79' lang='lat' dir='ltr'><strong>paupertatem</strong></span> <span class='ocrx_word' id='word_1_44' title='bbox 1323 959 1356 1016; x_wconf 89' lang='lat' dir='ltr'><strong>et</strong></span> 
     </span>
     <span class='ocr_line' id='line_1_7' title="bbox 267 1052 1356 1146; baseline -0.008 -21"><span class='ocrx_word' id='word_1_45' title='bbox 267 1064 413 1146; x_wconf 87' lang='lat' dir='ltr'><strong>quietem</strong></span> <span class='ocrx_word' id='word_1_46' title='bbox 428 1063 648 1126; x_wconf 82' lang='lat' dir='ltr'><strong>doctrinarum</strong></span> <span class='ocrx_word' id='word_1_47' title='bbox 661 1061 693 1124; x_wconf 92' lang='lat' dir='ltr'><strong>ei</strong></span> <span class='ocrx_word' id='word_1_48' title='bbox 707 1061 860 1126; x_wconf 79' lang='lat' dir='ltr'><strong>sciebant</strong></span> <span class='ocrx_word' id='word_1_49' title='bbox 872 1059 1022 1140; x_wconf 89' lang='lat' dir='ltr'><strong>inprimis</strong></span> <span class='ocrx_word' id='word_1_50' title='bbox 1033 1056 1125 1120; x_wconf 88' lang='lat' dir='ltr'><strong>cordi</strong></span> <span class='ocrx_word' id='word_1_51' title='bbox 1137 1074 1220 1120; x_wconf 87' lang='lat' dir='ltr'><strong>esse.</strong></span> <span class='ocrx_word' id='word_1_52' title='bbox 1242 1052 1356 1137; x_wconf 85' lang='lat' dir='ltr'><strong>Atque</strong></span> 
     </span>
     <span class='ocr_line' id='line_1_8' title="bbox 265 1157 1355 1248; baseline -0.009 -20"><span class='ocrx_word' id='word_1_53' title='bbox 265 1173 304 1228; x_wconf 91' lang='lat' dir='ltr'><strong>ut</strong></span> <span class='ocrx_word' id='word_1_54' title='bbox 319 1166 477 1248; x_wconf 87' lang='lat' dir='ltr'><strong>apparuit</strong></span> <span class='ocrx_word' id='word_1_55' title='bbox 491 1183 605 1238; x_wconf 87' lang='lat' dir='ltr'><strong>causa,</strong></span> <span class='ocrx_word' id='word_1_56' title='bbox 629 1171 664 1227; x_wconf 90' lang='lat' dir='ltr'><strong>et</strong></span> <span class='ocrx_word' id='word_1_57' title='bbox 683 1163 797 1243; x_wconf 85' lang='lat' dir='ltr'><strong>ingens</strong></span> <span class='ocrx_word' id='word_1_58' title='bbox 812 1161 1000 1224; x_wconf 85' lang='lat' dir='ltr'><strong>divitiarum</strong></span> <span class='ocrx_word' id='word_1_59' title='bbox 1017 1178 1146 1233; x_wconf 89' lang='lat' dir='ltr'><strong>cursus,</strong></span> <span class='ocrx_word' id='word_1_60' title='bbox 1170 1157 1355 1220; x_wconf 87' lang='lat' dir='ltr'><strong>restituisse</strong></span> 
     </span>
     <span class='ocr_line' id='line_1_9' title="bbox 265 1258 1355 1344; baseline -0.007 -16"><span class='ocrx_word' id='word_1_61' title='bbox 265 1265 474 1328; x_wconf 85' lang='lat' dir='ltr'><strong>mercedem·</strong></span> <span class='ocrx_word' id='word_1_62' title='bbox 496 1264 606 1328; x_wconf 71' lang='lat' dir='ltr'><strong>anxiae</strong></span> <span class='ocrx_word' id='word_1_63' title='bbox 633 1270 668 1326; x_wconf 89' lang='lat' dir='ltr'><strong>et</strong></span> <span class='ocrx_word' id='word_1_64' title='bbox 688 1263 796 1326; x_wconf 73' lang='lat' dir='ltr'><strong>avidos</strong></span> <span class='ocrx_word' id='word_1_65' title='bbox 813 1261 1016 1326; x_wconf 90' lang='lat' dir='ltr'><strong>dominorum</strong></span> <span class='ocrx_word' id='word_1_66' title='bbox 1032 1258 1251 1344; x_wconf 83' lang='lat' dir='ltr'><strong>poenitentiae,</strong></span> <span class='ocrx_word' id='word_1_67' title='bbox 1275 1276 1355 1321; x_wconf 90' lang='lat' dir='ltr'><strong>con·</strong></span> 
     </span>
     <span class='ocr_line' id='line_1_10' title="bbox 265 1358 1355 1448; baseline -0.008 -20"><span class='ocrx_word' id='word_1_68' title='bbox 265 1371 389 1430; x_wconf 90' lang='lat' dir='ltr'><strong>tentum</strong></span> <span class='ocrx_word' id='word_1_69' title='bbox 411 1365 460 1429; x_wconf 87' lang='lat' dir='ltr'><strong>ita</strong></span> <span class='ocrx_word' id='word_1_70' title='bbox 480 1365 654 1448; x_wconf 82' lang='lat' dir='ltr'><strong>probasse,</strong></span> <span class='ocrx_word' id='word_1_71' title='bbox 676 1382 761 1446; x_wconf 87' lang='lat' dir='ltr'><strong>opes</strong></span> <span class='ocrx_word' id='word_1_72' title='bbox 786 1363 849 1425; x_wconf 88' lang='lat' dir='ltr'><strong>sibi</strong></span> <span class='ocrx_word' id='word_1_73' title='bbox 872 1363 905 1426; x_wconf 91' lang='lat' dir='ltr'><strong>in</strong></span> <span class='ocrx_word' id='word_1_74' title='bbox 927 1361 1030 1437; x_wconf 83' lang='lat' dir='ltr'><strong>sacili,</strong></span> <span class='ocrx_word' id='word_1_75' title='bbox 1052 1379 1128 1423; x_wconf 91' lang='lat' dir='ltr'><strong>cum</strong></span> <span class='ocrx_word' id='word_1_76' title='bbox 1141 1359 1251 1429; x_wconf 82' lang='lat' dir='ltr'><strong>vellet,</strong></span> <span class='ocrx_word' id='word_1_77' title='bbox 1277 1358 1355 1422; x_wconf 82' lang='lat' dir='ltr'><strong>sore.</strong></span> 
     </span>
     <span class='ocr_line' id='line_1_11' title="bbox 265 1461 1356 1550; baseline -0.009 -18"><span class='ocrx_word' id='word_1_78' title='bbox 265 1467 346 1532; x_wconf 89' lang='lat' dir='ltr'><strong>Hoc</strong></span> <span class='ocrx_word' id='word_1_79' title='bbox 361 1472 481 1550; x_wconf 87' lang='lat' dir='ltr'><strong>postea</strong></span> <span class='ocrx_word' id='word_1_80' title='bbox 494 1464 654 1530; x_wconf 65' lang='lat' dir='ltr'><strong>Sentius*³</strong></span> <span class='ocrx_word' id='word_1_81' title='bbox 676 1484 695 1528; x_wconf 86' lang='lat' dir='ltr'><strong>e</strong></span> <span class='ocrx_word' id='word_1_82' title='bbox 718 1465 882 1529; x_wconf 85' lang='lat' dir='ltr'><strong>Romanis</strong></span> <span class='ocrx_word' id='word_1_83' title='bbox 907 1463 1080 1546; x_wconf 79' lang='lat' dir='ltr'><strong>sapientire</strong></span> <span class='ocrx_word' id='word_1_84' title='bbox 1095 1461 1356 1526; x_wconf 83' lang='lat' dir='ltr'><strong>assectatoribus</strong></span> 
     </span>
     <span class='ocr_line' id='line_1_12' title="bbox 266 1563 1353 1632; baseline -0.006 0"><span class='ocrx_word' id='word_1_85' title='bbox 266 1568 408 1632; x_wconf 87' lang='lat' dir='ltr'><strong>Athenis</strong></span> <span class='ocrx_word' id='word_1_86' title='bbox 423 1568 504 1631; x_wconf 82' lang='lat' dir='ltr'><strong>iecit</strong></span> <span class='ocrx_word' id='word_1_87' title='bbox 515 1567 631 1630; x_wconf 84' lang='lat' dir='ltr'><strong>eadem</strong></span> <span class='ocrx_word' id='word_1_88' title='bbox 642 1569 779 1630; x_wconf 86' lang='lat' dir='ltr'><strong>ratione.</strong></span> <span class='ocrx_word' id='word_1_89' title='bbox 821 1565 934 1630; x_wconf 79' lang='lat' dir='ltr'><strong>Tanta</strong></span> <span class='ocrx_word' id='word_1_90' title='bbox 948 1565 1115 1628; x_wconf 86' lang='lat' dir='ltr'><strong>literarum</strong></span> <span class='ocrx_word' id='word_1_91' title='bbox 1125 1563 1264 1628; x_wconf 88' lang='lat' dir='ltr'><strong>occasio</strong></span> <span class='ocrx_word' id='word_1_92' title='bbox 1280 1569 1353 1626; x_wconf 87' lang='lat' dir='ltr'><strong>est:</strong></span> 
     </span>
     <span class='ocr_line' id='line_1_13' title="bbox 265 1665 1354 1752; baseline -0.006 -20"><span class='ocrx_word' id='word_1_93' title='bbox 265 1687 349 1752; x_wconf 88' lang='lat' dir='ltr'><strong>quas</strong></span> <span class='ocrx_word' id='word_1_94' title='bbox 373 1667 527 1751; x_wconf 86' lang='lat' dir='ltr'><strong>equidem</strong></span> <span class='ocrx_word' id='word_1_95' title='bbox 547 1667 695 1730; x_wconf 86' lang='lat' dir='ltr'><strong>miscebo</strong></span> <span class='ocrx_word' id='word_1_96' title='bbox 726 1667 912 1747; x_wconf 81' lang='lat' dir='ltr'><strong>agrestibus</strong></span> <span class='ocrx_word' id='word_1_97' title='bbox 937 1665 1087 1746; x_wconf 88' lang='lat' dir='ltr'><strong>negotiis,</strong></span> <span class='ocrx_word' id='word_1_98' title='bbox 1109 1684 1209 1748; x_wconf 92' lang='lat' dir='ltr'><strong>quam</strong></span> <span class='ocrx_word' id='word_1_99' title='bbox 1240 1669 1354 1746; x_wconf 89' lang='lat' dir='ltr'><strong>potero</strong></span> 
     </span>
     <span class='ocr_line' id='line_1_14' title="bbox 265 1765 1355 1851; baseline -0.006 -19"><span class='ocrx_word' id='word_1_100' title='bbox 265 1768 413 1833; x_wconf 84' lang='lat' dir='ltr'><strong>dilucide</strong></span> <span class='ocrx_word' id='word_1_101' title='bbox 429 1781 529 1851; x_wconf 86' lang='lat' dir='ltr'><strong>atque</strong></span> <span class='ocrx_word' id='word_1_102' title='bbox 548 1767 735 1850; x_wconf 87' lang='lat' dir='ltr'><strong>perspicue.</strong></span> <span class='ocrx_word' id='word_1_103' title='bbox 779 1765 935 1848; x_wconf 88' lang='lat' dir='ltr'><strong>Plerique</strong></span> <span class='ocrx_word' id='word_1_104' title='bbox 957 1766 1071 1828; x_wconf 87' lang='lat' dir='ltr'><strong>dixere</strong></span> <span class='ocrx_word' id='word_1_105' title='bbox 1086 1782 1193 1828; x_wconf 88' lang='lat' dir='ltr'><strong>rorem</strong></span> <span class='ocrx_word' id='word_1_106' title='bbox 1209 1765 1355 1828; x_wconf 87' lang='lat' dir='ltr'><strong>inustum</strong></span> 
     </span>
     <span class='ocr_line' id='line_1_15' title="bbox 264 1865 1353 1949; baseline -0.005 -16"><span class='ocrx_word' id='word_1_107' title='bbox 264 1870 343 1934; x_wconf 87' lang='lat' dir='ltr'><strong>Sole</strong></span> <span class='ocrx_word' id='word_1_108' title='bbox 372 1870 451 1946; x_wconf 89' lang='lat' dir='ltr'><strong>acri,</strong></span> <span class='ocrx_word' id='word_1_109' title='bbox 473 1868 622 1948; x_wconf 77' lang='lat' dir='ltr'><strong>frugibus</strong></span> <span class='ocrx_word' id='word_1_110' title='bbox 647 1868 807 1949; x_wconf 80' lang='lat' dir='ltr'><strong>rubiginis</strong></span> <span class='ocrx_word' id='word_1_111' title='bbox 831 1885 965 1930; x_wconf 87' lang='lat' dir='ltr'><strong>causam</strong></span> <span class='ocrx_word' id='word_1_112' title='bbox 987 1885 1073 1942; x_wconf 81' lang='lat' dir='ltr'><strong>esse,</strong></span> <span class='ocrx_word' id='word_1_113' title='bbox 1103 1871 1137 1928; x_wconf 89' lang='lat' dir='ltr'><strong>et</strong></span> <span class='ocrx_word' id='word_1_114' title='bbox 1158 1865 1353 1929; x_wconf 90' lang='lat' dir='ltr'><strong>carbunculi</strong></span> 
     </span>
     <span class='ocr_line' id='line_1_16' title="bbox 263 1967 1351 2053; baseline -0.005 -18"><span class='ocrx_word' id='word_1_115' title='bbox 263 1971 407 2036; x_wconf 87' lang='lat' dir='ltr'><strong>vitibus:</strong></span> <span class='ocrx_word' id='word_1_116' title='bbox 429 1970 519 2053; x_wconf 91' lang='lat' dir='ltr'><strong>quod</strong></span> <span class='ocrx_word' id='word_1_117' title='bbox 536 1988 580 2034; x_wconf 86' lang='lat' dir='ltr'><strong>ex</strong></span> <span class='ocrx_word' id='word_1_118' title='bbox 604 1975 697 2053; x_wconf 88' lang='lat' dir='ltr'><strong>parte</strong></span> <span class='ocrx_word' id='word_1_119' title='bbox 713 1967 833 2032; x_wconf 81' lang='lat' dir='ltr'><strong>salsum</strong></span> <span class='ocrx_word' id='word_1_120' title='bbox 849 1968 1001 2045; x_wconf 86' lang='lat' dir='ltr'><strong>arbitror,</strong></span> <span class='ocrx_word' id='word_1_121' title='bbox 1024 1987 1223 2051; x_wconf 89' lang='lat' dir='ltr'><strong>omnemque</strong></span> <span class='ocrx_word' id='word_1_122' title='bbox 1238 1967 1351 2030; x_wconf 86' lang='lat' dir='ltr'><strong>uredi-</strong></span> 
     </span>
     <span class='ocr_line' id='line_1_17' title="bbox 262 2067 1352 2156; baseline -0.005 -20"><span class='ocrx_word' id='word_1_123' title='bbox 262 2091 337 2136; x_wconf 88' lang='lat' dir='ltr'><strong>nem</strong></span> <span class='ocrx_word' id='word_1_124' title='bbox 350 2072 469 2156; x_wconf 80' lang='lat' dir='ltr'><strong>frigore</strong></span> <span class='ocrx_word' id='word_1_125' title='bbox 488 2077 612 2135; x_wconf 87' lang='lat' dir='ltr'><strong>tantnrtt</strong></span> <span class='ocrx_word' id='word_1_126' title='bbox 629 2078 793 2147; x_wconf 86' lang='lat' dir='ltr'><strong>constare,</strong></span> <span class='ocrx_word' id='word_1_127' title='bbox 817 2070 895 2134; x_wconf 89' lang='lat' dir='ltr'><strong>Sola</strong></span> <span class='ocrx_word' id='word_1_128' title='bbox 913 2068 1064 2132; x_wconf 81' lang='lat' dir='ltr'><strong>innoxio.</strong></span> <span class='ocrx_word' id='word_1_129' title='bbox 1089 2068 1128 2131; x_wconf 93' lang='lat' dir='ltr'><strong>ld</strong></span> <span class='ocrx_word' id='word_1_130' title='bbox 1143 2067 1352 2132; x_wconf 88' lang='lat' dir='ltr'><strong>manifestum</strong></span> 
     </span>
     <span class='ocr_line' id='line_1_18' title="bbox 262 2170 1353 2254; baseline -0.003 -19"><span class='ocrx_word' id='word_1_131' title='bbox 262 2173 318 2236; x_wconf 88' lang='lat' dir='ltr'><strong>liet</strong></span> <span class='ocrx_word' id='word_1_132' title='bbox 333 2173 588 2238; x_wconf 87' lang='lat' dir='ltr'><strong>attendentibus.</strong></span> <span class='ocrx_word' id='word_1_133' title='bbox 634 2172 723 2236; x_wconf 87' lang='lat' dir='ltr'><strong>Nam</strong></span> <span class='ocrx_word' id='word_1_134' title='bbox 737 2171 880 2254; x_wconf 88' lang='lat' dir='ltr'><strong>primum</strong></span> <span class='ocrx_word' id='word_1_135' title='bbox 895 2171 1042 2234; x_wconf 90' lang='lat' dir='ltr'><strong>omnium</strong></span> <span class='ocrx_word' id='word_1_136' title='bbox 1057 2187 1120 2232; x_wconf 92' lang='lat' dir='ltr'><strong>non</strong></span> <span class='ocrx_word' id='word_1_137' title='bbox 1131 2170 1194 2234; x_wconf 89' lang='lat' dir='ltr'><strong>boe</strong></span> <span class='ocrx_word' id='word_1_138' title='bbox 1208 2171 1353 2248; x_wconf 88' lang='lat' dir='ltr'><strong>evenire,</strong></span> 
     </span>
     <span class='ocr_line' id='line_1_19' title="bbox 262 2271 1352 2355; baseline -0.003 -17"><span class='ocrx_word' id='word_1_139' title='bbox 262 2275 327 2338; x_wconf 88' lang='lat' dir='ltr'><strong>nisi</strong></span> <span class='ocrx_word' id='word_1_140' title='bbox 340 2276 496 2339; x_wconf 86' lang='lat' dir='ltr'><strong>noctibus</strong></span> <span class='ocrx_word' id='word_1_141' title='bbox 510 2281 543 2338; x_wconf 90' lang='lat' dir='ltr'><strong>et</strong></span> <span class='ocrx_word' id='word_1_142' title='bbox 557 2279 633 2338; x_wconf 86' lang='lat' dir='ltr'><strong>ante</strong></span> <span class='ocrx_word' id='word_1_143' title='bbox 650 2273 742 2337; x_wconf 89' lang='lat' dir='ltr'><strong>Solis</strong></span> <span class='ocrx_word' id='word_1_144' title='bbox 757 2272 917 2349; x_wconf 88' lang='lat' dir='ltr'><strong>ardorem,</strong></span> <span class='ocrx_word' id='word_1_145' title='bbox 942 2271 1209 2355; x_wconf 86' lang='lat' dir='ltr'><strong>deprehenditur,</strong></span> <span class='ocrx_word' id='word_1_146' title='bbox 1232 2279 1352 2335; x_wconf 91' lang='lat' dir='ltr'><strong>toturn·</strong></span> 
     </span>
     <span class='ocr_line' id='line_1_20' title="bbox 262 2373 1352 2458; baseline -0.001 -20"><span class='ocrx_word' id='word_1_147' title='bbox 262 2394 328 2458; x_wconf 90' lang='lat' dir='ltr'><strong>qne</strong></span> <span class='ocrx_word' id='word_1_148' title='bbox 341 2375 464 2438; x_wconf 59' lang='lat' dir='ltr'><strong>lunaris</strong></span> <span class='ocrx_word' id='word_1_149' title='bbox 485 2375 609 2438; x_wconf 89' lang='lat' dir='ltr'><strong>ratione</strong></span> <span class='ocrx_word' id='word_1_150' title='bbox 633 2381 781 2438; x_wconf 86' lang='lat' dir='ltr'><strong>constat:</strong></span> <span class='ocrx_word' id='word_1_151' title='bbox 804 2374 963 2457; x_wconf 89' lang='lat' dir='ltr'><strong>qnoniam</strong></span> <span class='ocrx_word' id='word_1_152' title='bbox 986 2373 1062 2436; x_wconf 90' lang='lat' dir='ltr'><strong>talis</strong></span> <span class='ocrx_word' id='word_1_153' title='bbox 1084 2373 1203 2456; x_wconf 86' lang='lat' dir='ltr'><strong>injuria</strong></span> <span class='ocrx_word' id='word_1_154' title='bbox 1225 2391 1294 2436; x_wconf 89' lang='lat' dir='ltr'><strong>non</strong></span> <span class='ocrx_word' id='word_1_155' title='bbox 1316 2374 1352 2437; x_wconf 87' lang='lat' dir='ltr'><strong>tit</strong></span> 
     </span>
     <span class='ocr_line' id='line_1_21' title="bbox 260 2474 1350 2558; baseline 0.002 -22"><span class='ocrx_word' id='word_1_156' title='bbox 260 2475 326 2538; x_wconf 89' lang='lat' dir='ltr'><strong>nisi</strong></span> <span class='ocrx_word' id='word_1_157' title='bbox 341 2475 526 2551; x_wconf 89' lang='lat' dir='ltr'><strong>interlunio,</strong></span> <span class='ocrx_word' id='word_1_158' title='bbox 549 2475 693 2558; x_wconf 86' lang='lat' dir='ltr'><strong>plenave</strong></span> <span class='ocrx_word' id='word_1_159' title='bbox 716 2475 823 2550; x_wconf 87' lang='lat' dir='ltr'><strong>Luna,</strong></span> <span class='ocrx_word' id='word_1_160' title='bbox 846 2475 910 2538; x_wconf 90' lang='lat' dir='ltr'><strong>boo</strong></span> <span class='ocrx_word' id='word_1_161' title='bbox 926 2479 989 2548; x_wconf 87' lang='lat' dir='ltr'><strong>est,</strong></span> <span class='ocrx_word' id='word_1_162' title='bbox 1012 2474 1235 2556; x_wconf 75' lang='lat' dir='ltr'><strong>praevalente:</strong></span> <span class='ocrx_word' id='word_1_163' title='bbox 1258 2481 1350 2538; x_wconf 88' lang='lat' dir='ltr'><strong>ntro·</strong></span> 
     </span>
     <span class='ocr_line' id='line_1_22' title="bbox 262 2571 1350 2658; baseline -0.001 -20"><span class='ocrx_word' id='word_1_164' title='bbox 262 2595 326 2658; x_wconf 90' lang='lat' dir='ltr'><strong>que</strong></span> <span class='ocrx_word' id='word_1_165' title='bbox 340 2576 427 2640; x_wconf 90' lang='lat' dir='ltr'><strong>enim</strong></span> <span class='ocrx_word' id='word_1_166' title='bbox 442 2577 558 2639; x_wconf 86' lang='lat' dir='ltr'><strong>babitu</strong></span> <span class='ocrx_word' id='word_1_167' title='bbox 570 2575 670 2657; x_wconf 87' lang='lat' dir='ltr'><strong>plena</strong></span> <span class='ocrx_word' id='word_1_168' title='bbox 685 2580 748 2653; x_wconf 89' lang='lat' dir='ltr'><strong>est,</strong></span> <span class='ocrx_word' id='word_1_169' title='bbox 771 2580 807 2638; x_wconf 92' lang='lat' dir='ltr'><strong>ut</strong></span> <span class='ocrx_word' id='word_1_170' title='bbox 820 2575 945 2658; x_wconf 73' lang='lat' dir='ltr'><strong>saepius</strong></span> <span class='ocrx_word' id='word_1_171' title='bbox 962 2571 1152 2638; x_wconf 70' lang='lat' dir='ltr'><strong>diximust‘*</strong></span> <span class='ocrx_word' id='word_1_172' title='bbox 1175 2577 1234 2638; x_wconf 87' lang='lat' dir='ltr'><strong>sed</strong></span> <span class='ocrx_word' id='word_1_173' title='bbox 1253 2577 1350 2639; x_wconf 87' lang='lat' dir='ltr'><strong>inter·</strong></span> 
     </span>
     <span class='ocr_line' id='line_1_23' title="bbox 260 2675 1351 2759; baseline 0.001 -21"><span class='ocrx_word' id='word_1_174' title='bbox 260 2676 350 2740; x_wconf 93' lang='lat' dir='ltr'><strong>lunio</strong></span> <span class='ocrx_word' id='word_1_175' title='bbox 376 2697 472 2741; x_wconf 89' lang='lat' dir='ltr'><strong>omne</strong></span> <span class='ocrx_word' id='word_1_176' title='bbox 497 2678 615 2754; x_wconf 87' lang='lat' dir='ltr'><strong>lumen,</strong></span> <span class='ocrx_word' id='word_1_177' title='bbox 638 2675 730 2759; x_wconf 92' lang='lat' dir='ltr'><strong>quod</strong></span> <span class='ocrx_word' id='word_1_178' title='bbox 756 2694 777 2739; x_wconf 86' lang='lat' dir='ltr'><strong>a</strong></span> <span class='ocrx_word' id='word_1_179' title='bbox 806 2675 885 2739; x_wconf 90' lang='lat' dir='ltr'><strong>Sole</strong></span> <span class='ocrx_word' id='word_1_180' title='bbox 915 2677 1058 2759; x_wconf 87' lang='lat' dir='ltr'><strong>accepit,</strong></span> <span class='ocrx_word' id='word_1_181' title='bbox 1081 2677 1167 2741; x_wconf 88' lang='lat' dir='ltr'><strong>coelo</strong></span> <span class='ocrx_word' id='word_1_182' title='bbox 1195 2677 1351 2757; x_wconf 79' lang='lat' dir='ltr'><strong>regerit.²¹</strong></span> 
     </span>
    </p>
   </div>
   <div class='ocr_carea' id='block_1_3' title="bbox 259 2969 1349 3100">
    <p class='ocr_par' dir='ltr' id='par_1_3' title="bbox 259 2969 1349 3100">
     <span class='ocr_line' id='line_1_24' title="bbox 259 2969 1348 3035; baseline 0.006 -18"><span class='ocrx_word' id='word_1_183' title='bbox 259 2969 328 3018; x_wconf 88' lang='lat' dir='ltr'><strong>ditur</strong></span> <span class='ocrx_word' id='word_1_184' title='bbox 343 2969 509 3019; x_wconf 73' lang='lat' dir='ltr'><strong>lietduinus-²</strong></span> <span class='ocrx_word' id='word_1_185' title='bbox 527 2972 633 3020; x_wconf 81' lang='lat' dir='ltr'><strong>Brotier.</strong></span> <span class='ocrx_word' id='word_1_186' title='bbox 659 2987 702 3021; x_wconf 81' lang='lat' dir='ltr'><strong>nec</strong></span> <span class='ocrx_word' id='word_1_187' title='bbox 712 2987 807 3035; x_wconf 74' lang='lat' dir='ltr'><strong>quoqne</strong></span> <span class='ocrx_word' id='word_1_188' title='bbox 824 2985 925 3033; x_wconf 76' lang='lat' dir='ltr'><strong>anquam</strong></span> <span class='ocrx_word' id='word_1_189' title='bbox 941 2969 998 3020; x_wconf 87' lang='lat' dir='ltr'><strong>cod.</strong></span> <span class='ocrx_word' id='word_1_190' title='bbox 1008 2971 1167 3022; x_wconf 59' lang='lat' dir='ltr'><strong>Deleta-20</strong></span> <span class='ocrx_word' id='word_1_191' title='bbox 1183 2973 1247 3023; x_wconf 90' lang='lat' dir='ltr'><strong>Cod.</strong></span> <span class='ocrx_word' id='word_1_192' title='bbox 1258 2973 1348 3024; x_wconf 86' lang='lat' dir='ltr'><strong>Dalee.</strong></span> 
     </span>
     <span class='ocr_line' id='line_1_25' title="bbox 259 3035 1349 3100; baseline 0.003 -17"><span class='ocrx_word' id='word_1_193' title='bbox 259 3047 345 3096; x_wconf 71' lang='lat' dir='ltr'><strong>magau</strong></span> <span class='ocrx_word' id='word_1_194' title='bbox 362 3039 418 3084; x_wconf 73' lang='lat' dir='ltr'><strong>trac</strong></span> <span class='ocrx_word' id='word_1_195' title='bbox 434 3036 599 3087; x_wconf 68' lang='lat' dir='ltr'><strong>vilitate-21</strong></span> <span class='ocrx_word' id='word_1_196' title='bbox 618 3035 684 3085; x_wconf 87' lang='lat' dir='ltr'><strong>Cod.</strong></span> <span class='ocrx_word' id='word_1_197' title='bbox 705 3037 795 3086; x_wconf 72' lang='lat' dir='ltr'><strong>Delec.</strong></span> <span class='ocrx_word' id='word_1_198' title='bbox 811 3035 907 3099; x_wconf 81' lang='lat' dir='ltr'><strong>occipit,</strong></span> <span class='ocrx_word' id='word_1_199' title='bbox 923 3037 978 3084; x_wconf 81' lang='lat' dir='ltr'><strong>carlo</strong></span> <span class='ocrx_word' id='word_1_200' title='bbox 994 3043 1166 3100; x_wconf 54' lang='lat' dir='ltr'><strong>regyrato-22</strong></span> <span class='ocrx_word' id='word_1_201' title='bbox 1184 3036 1246 3088; x_wconf 87' lang='lat' dir='ltr'><strong>Vet.</strong></span> <span class='ocrx_word' id='word_1_202' title='bbox 1259 3039 1349 3087; x_wconf 69' lang='lat' dir='ltr'><strong>Dolor.</strong></span> 
     </span>
    </p>
   </div>
   <div class='ocr_carea' id='block_1_4' title="bbox 751 3199 858 3250">
    <p class='ocr_par' dir='ltr' id='par_1_4' title="bbox 751 3199 858 3250">
     <span class='ocr_line' id='line_1_26' title="bbox 751 3199 858 3250; baseline -0.009 0"><span class='ocrx_word' id='word_1_203' title='bbox 751 3199 858 3250; x_wconf 78' lang='lat' dir='ltr'><strong>NO&#39;l&#39;AE</strong></span> 
     </span>
    </p>
   </div>
   <div class='ocr_carea' id='block_1_5' title="bbox 246 3293 1351 4272">
    <p class='ocr_par' dir='ltr' id='par_1_5' title="bbox 256 3293 1348 3438">
     <span class='ocr_line' id='line_1_27' title="bbox 290 3293 1347 3362; baseline 0.006 -20"><span class='ocrx_word' id='word_1_204' title='bbox 290 3293 371 3349; x_wconf 80' lang='lat' dir='ltr'><strong>²an</strong></span> <span class='ocrx_word' id='word_1_205' title='bbox 389 3293 505 3359; x_wconf 66' lang='lat' dir='ltr'><strong>dicimur]</strong></span> <span class='ocrx_word' id='word_1_206' title='bbox 531 3293 611 3345; x_wconf 88' lang='lat' dir='ltr'><strong>Initio</strong></span> <span class='ocrx_word' id='word_1_207' title='bbox 632 3310 690 3360; x_wconf 79' lang='lat' dir='ltr'><strong>cap.</strong></span> <span class='ocrx_word' id='word_1_208' title='bbox 708 3311 783 3362; x_wconf 82' lang='lat' dir='ltr'><strong>rupe·</strong></span> <span class='ocrx_word' id='word_1_209' title='bbox 822 3297 962 3361; x_wconf 71' lang='grc' dir='ltr'><strong><em>πρότηςτῐε·</em></strong></span> <span class='ocrx_word' id='word_1_210' title='bbox 978 3297 1080 3348; x_wconf 65' lang='lat' dir='ltr'><strong>antrat</strong></span> <span class='ocrx_word' id='word_1_211' title='bbox 1095 3299 1186 3362; x_wconf 72' lang='grc' dir='ltr'><strong><em>σαπρὸν</em></strong></span> <span class='ocrx_word' id='word_1_212' title='bbox 1205 3298 1347 3360; x_wconf 67' lang='grc' dir='ltr'><strong><em>ᾶκνθερμδ-</em></strong></span> 
     </span>
     <span class='ocr_line' id='line_1_28' title="bbox 256 3367 1348 3438; baseline 0.005 -21"><span class='ocrx_word' id='word_1_213' title='bbox 256 3367 341 3420; x_wconf 71' lang='lat' dir='ltr'><strong>floris.</strong></span> <span class='ocrx_word' id='word_1_214' title='bbox 822 3389 894 3431; x_wconf 77' lang='lat' dir='ltr'><strong>rrrros</strong></span> <span class='ocrx_word' id='word_1_215' title='bbox 905 3373 1039 3438; x_wconf 70' lang='grc' dir='ltr'><strong>ἂλλοτρῐαε·</strong></span> <span class='ocrx_word' id='word_1_216' title='bbox 1050 3373 1157 3435; x_wconf 67' lang='grc' dir='ltr'><strong>μάλιστα</strong></span> <span class='ocrx_word' id='word_1_217' title='bbox 1165 3373 1190 3424; x_wconf 77' lang='lat' dir='ltr'><strong>dl</strong></span> <span class='ocrx_word' id='word_1_218' title='bbox 1202 3377 1348 3438; x_wconf 68' lang='lat' dir='ltr'><strong>dpwrfleirrar</strong></span> 
     </span>
    </p>

    <p class='ocr_par' dir='ltr' id='par_1_6' title="bbox 246 3443 1351 4043">
     <span class='ocr_line' id='line_1_29' title="bbox 290 3443 1348 3510; baseline 0.006 -16"><span class='ocrx_word' id='word_1_219' title='bbox 290 3443 461 3495; x_wconf 53' lang='lat' dir='ltr'><strong>watinum</strong></span> <span class='ocrx_word' id='word_1_220' title='bbox 490 3445 628 3510; x_wconf 78' lang='lat' dir='ltr'><strong>mercedem]</strong></span> <span class='ocrx_word' id='word_1_221' title='bbox 659 3448 702 3498; x_wconf 80' lang='lat' dir='ltr'><strong>ln</strong></span> <span class='ocrx_word' id='word_1_222' title='bbox 720 3448 783 3498; x_wconf 77' lang='lat' dir='ltr'><strong>Met·</strong></span> <span class='ocrx_word' id='word_1_223' title='bbox 822 3451 890 3498; x_wconf 81' lang='lat' dir='ltr'><strong>ciros</strong></span> <span class='ocrx_word' id='word_1_224' title='bbox 910 3451 962 3500; x_wconf 77' lang='lat' dir='ltr'><strong>ruis</strong></span> <span class='ocrx_word' id='word_1_225' title='bbox 977 3451 1142 3510; x_wconf 70' lang='grc' dir='ltr'><strong>πανσελήνοις·</strong></span> <span class='ocrx_word' id='word_1_226' title='bbox 1157 3451 1348 3510; x_wconf 61' lang='lat' dir='ltr'><strong>tetenebrae-</strong></span> 
     </span>
     <span class='ocr_line' id='line_1_30' title="bbox 258 3520 1347 3590; baseline 0.008 -22"><span class='ocrx_word' id='word_1_227' title='bbox 258 3520 338 3570; x_wconf 84' lang='lat' dir='ltr'><strong>Forte</strong></span> <span class='ocrx_word' id='word_1_228' title='bbox 349 3521 481 3582; x_wconf 75' lang='lat' dir='ltr'><strong>sincerius,</strong></span> <span class='ocrx_word' id='word_1_229' title='bbox 492 3537 598 3572; x_wconf 63' lang='lat' dir='ltr'><strong>mercem·</strong></span> <span class='ocrx_word' id='word_1_230' title='bbox 821 3524 897 3583; x_wconf 70' lang='grc' dir='ltr'><strong><em>λήνην</em></strong></span> <span class='ocrx_word' id='word_1_231' title='bbox 910 3528 942 3590; x_wconf 74' lang='grc' dir='ltr'><strong>τῇ</strong></span> <span class='ocrx_word' id='word_1_232' title='bbox 960 3525 1083 3590; x_wconf 72' lang='grc' dir='ltr'><strong>θορμόππι</strong></span> <span class='ocrx_word' id='word_1_233' title='bbox 1098 3527 1182 3586; x_wconf 67' lang='grc' dir='ltr'><strong>σήπειν</strong></span> <span class='ocrx_word' id='word_1_234' title='bbox 1197 3531 1240 3586; x_wconf 77' lang='grc' dir='ltr'><strong>τῆς</strong></span> <span class='ocrx_word' id='word_1_235' title='bbox 1258 3527 1347 3578; x_wconf 69' lang='grc' dir='ltr'><strong><em>νυκτός.</em></strong></span> 
     </span>
     <span class='ocr_line' id='line_1_31' title="bbox 246 3595 1349 3667; baseline 0.006 -22"><span class='ocrx_word' id='word_1_236' title='bbox 246 3605 252 3615; x_wconf 95' lang='grc'><em>“</em></span> <span class='ocrx_word' id='word_1_237' title='bbox 288 3595 428 3661; x_wconf 58' lang='grc' dir='ltr'><strong>ὴιῖιπειιίιι]</strong></span> <span class='ocrx_word' id='word_1_238' title='bbox 453 3598 496 3647; x_wconf 90' lang='lat' dir='ltr'><strong>De</strong></span> <span class='ocrx_word' id='word_1_239' title='bbox 517 3613 547 3647; x_wconf 83' lang='lat' dir='ltr'><strong>eo</strong></span> <span class='ocrx_word' id='word_1_240' title='bbox 568 3601 667 3648; x_wconf 79' lang='lat' dir='ltr'><strong>Seneca</strong></span> <span class='ocrx_word' id='word_1_241' title='bbox 697 3601 782 3664; x_wconf 78' lang='lat' dir='ltr'><strong>Epist.</strong></span> <span class='ocrx_word' id='word_1_242' title='bbox 824 3602 1017 3664; x_wconf 72' lang='lat' dir='ltr'><strong>Rubigoantem</strong></span> <span class='ocrx_word' id='word_1_243' title='bbox 1031 3605 1142 3667; x_wconf 80' lang='lat' dir='ltr'><strong>putredo</strong></span> <span class='ocrx_word' id='word_1_244' title='bbox 1159 3603 1277 3667; x_wconf 74' lang='lat' dir='ltr'><strong>qnoedarn</strong></span> <span class='ocrx_word' id='word_1_245' title='bbox 1294 3614 1349 3654; x_wconf 82' lang='lat' dir='ltr'><strong>est:</strong></span> 
     </span>
     <span class='ocr_line' id='line_1_32' title="bbox 255 3674 1346 3744; baseline 0.008 -25"><span class='ocrx_word' id='word_1_246' title='bbox 255 3675 296 3720; x_wconf 76' lang='lat' dir='ltr'><strong>dt).</strong></span> <span class='ocrx_word' id='word_1_247' title='bbox 317 3685 376 3734; x_wconf 70' lang='lat' dir='ltr'><strong>pag.</strong></span> <span class='ocrx_word' id='word_1_248' title='bbox 398 3677 456 3721; x_wconf 82' lang='lat'><strong>288.</strong></span> <span class='ocrx_word' id='word_1_249' title='bbox 483 3674 618 3724; x_wconf 84' lang='lat' dir='ltr'><strong>‘Sextium</strong></span> <span class='ocrx_word' id='word_1_250' title='bbox 639 3688 701 3724; x_wconf 82' lang='lat' dir='ltr'><strong>ecce</strong></span> <span class='ocrx_word' id='word_1_251' title='bbox 723 3689 781 3724; x_wconf 87' lang='lat' dir='ltr'><strong>cum</strong></span> <span class='ocrx_word' id='word_1_252' title='bbox 822 3691 870 3726; x_wconf 86' lang='lat' dir='ltr'><strong>nec</strong></span> <span class='ocrx_word' id='word_1_253' title='bbox 883 3679 1083 3742; x_wconf 82' lang='lat' dir='ltr'><strong>putridumerse</strong></span> <span class='ocrx_word' id='word_1_254' title='bbox 1102 3680 1241 3744; x_wconf 82' lang='lat' dir='ltr'><strong>quiequam</strong></span> <span class='ocrx_word' id='word_1_255' title='bbox 1261 3689 1346 3744; x_wconf 81' lang='lat' dir='ltr'><strong>potest</strong></span> 
     </span>
     <span class='ocr_line' id='line_1_33' title="bbox 256 3747 1347 3818; baseline 0.007 -24"><span class='ocrx_word' id='word_1_256' title='bbox 256 3747 366 3796; x_wconf 79' lang='lat' dir='ltr'><strong>maxime</strong></span> <span class='ocrx_word' id='word_1_257' title='bbox 384 3748 452 3810; x_wconf 74' lang='lat' dir='ltr'><strong>lego,</strong></span> <span class='ocrx_word' id='word_1_258' title='bbox 467 3749 549 3798; x_wconf 81' lang='lat' dir='ltr'><strong>ritum</strong></span> <span class='ocrx_word' id='word_1_259' title='bbox 568 3763 662 3806; x_wconf 77' lang='lat' dir='ltr'><strong>acrem,</strong></span> <span class='ocrx_word' id='word_1_260' title='bbox 682 3750 782 3799; x_wconf 80' lang='lat' dir='ltr'><strong>Graecir</strong></span> <span class='ocrx_word' id='word_1_261' title='bbox 821 3753 877 3801; x_wconf 87' lang='lat' dir='ltr'><strong>rine</strong></span> <span class='ocrx_word' id='word_1_262' title='bbox 888 3753 972 3803; x_wconf 79' lang='lat' dir='ltr'><strong>alieno</strong></span> <span class='ocrx_word' id='word_1_263' title='bbox 991 3755 1084 3803; x_wconf 82' lang='lat' dir='ltr'><strong>calore.</strong></span> <span class='ocrx_word' id='word_1_264' title='bbox 1117 3754 1245 3804; x_wconf 82' lang='lat' dir='ltr'><strong>Triticum</strong></span> <span class='ocrx_word' id='word_1_265' title='bbox 1269 3754 1347 3818; x_wconf 79' lang='lat' dir='ltr'><strong>pleni·</strong></span> 
     </span>
     <span class='ocr_line' id='line_1_34' title="bbox 257 3822 1351 3895; baseline 0.006 -23"><span class='ocrx_word' id='word_1_266' title='bbox 257 3822 352 3878; x_wconf 77' lang='lat' dir='ltr'><strong>verbis,</strong></span> <span class='ocrx_word' id='word_1_267' title='bbox 383 3822 504 3873; x_wconf 77' lang='lat' dir='ltr'><strong>Romanis</strong></span> <span class='ocrx_word' id='word_1_268' title='bbox 530 3825 641 3874; x_wconf 88' lang='lat' dir='ltr'><strong>moribnr</strong></span> <span class='ocrx_word' id='word_1_269' title='bbox 670 3825 780 3889; x_wconf 79' lang='lat' dir='ltr'><strong>pbiloso-</strong></span> <span class='ocrx_word' id='word_1_270' title='bbox 821 3828 897 3878; x_wconf 85' lang='lat' dir='ltr'><strong>lunilr</strong></span> <span class='ocrx_word' id='word_1_271' title='bbox 920 3829 1078 3892; x_wconf 79' lang='lat' dir='ltr'><strong>potissimum</strong></span> <span class='ocrx_word' id='word_1_272' title='bbox 1099 3830 1243 3892; x_wconf 75' lang='lat' dir='ltr'><strong>rubiginem</strong></span> <span class='ocrx_word' id='word_1_273' title='bbox 1270 3831 1351 3895; x_wconf 71' lang='lat' dir='ltr'><strong>capit.¹</strong></span> 
     </span>
     <span class='ocr_line' id='line_1_35' title="bbox 256 3898 1344 3968; baseline 0.009 -23"><span class='ocrx_word' id='word_1_274' title='bbox 256 3898 395 3961; x_wconf 60' lang='lat' dir='ltr'><strong>phantom:</strong></span> <span class='ocrx_word' id='word_1_275' title='bbox 408 3903 458 3947; x_wconf 77' lang='lat' dir='ltr'><strong>dre.</strong></span> <span class='ocrx_word' id='word_1_276' title='bbox 475 3899 526 3950; x_wconf 66' lang='lat' dir='ltr'><strong>‘Q</strong></span> <span class='ocrx_word' id='word_1_277' title='bbox 538 3901 654 3948; x_wconf 82' lang='lat' dir='ltr'><strong>Sextium</strong></span> <span class='ocrx_word' id='word_1_278' title='bbox 667 3901 780 3964; x_wconf 76' lang='lat' dir='ltr'><strong>patrem’</strong></span> <span class='ocrx_word' id='word_1_279' title='bbox 823 3904 899 3954; x_wconf 77' lang='lat' dir='ltr'><strong>Ratio</strong></span> <span class='ocrx_word' id='word_1_280' title='bbox 914 3899 940 3953; x_wconf 85' lang='lat' dir='ltr'><strong>r&#39;n</strong></span> <span class='ocrx_word' id='word_1_281' title='bbox 959 3906 1045 3954; x_wconf 80' lang='lat' dir='ltr'><strong>calore</strong></span> <span class='ocrx_word' id='word_1_282' title='bbox 1056 3912 1105 3966; x_wconf 86' lang='lat' dir='ltr'><strong>ert,</strong></span> <span class='ocrx_word' id='word_1_283' title='bbox 1116 3921 1167 3968; x_wconf 89' lang='lat' dir='ltr'><strong>quo</strong></span> <span class='ocrx_word' id='word_1_284' title='bbox 1178 3907 1257 3955; x_wconf 84' lang='lat' dir='ltr'><strong>etiarn</strong></span> <span class='ocrx_word' id='word_1_285' title='bbox 1270 3915 1344 3958; x_wconf 86' lang='lat' dir='ltr'><strong>noctu</strong></span> 
     </span>
     <span class='ocr_line' id='line_1_36' title="bbox 256 3973 1189 4043; baseline 0.011 -23"><span class='ocrx_word' id='word_1_286' title='bbox 256 3973 372 4034; x_wconf 87' lang='lat' dir='ltr'><strong>appellat</strong></span> <span class='ocrx_word' id='word_1_287' title='bbox 381 3973 465 4036; x_wconf 73' lang='lat' dir='ltr'><strong>Epist.</strong></span> <span class='ocrx_word' id='word_1_288' title='bbox 476 3977 516 4022; x_wconf 75' lang='lat' dir='ltr'><strong>or.</strong></span> <span class='ocrx_word' id='word_1_289' title='bbox 529 3989 586 4038; x_wconf 74' lang='lat' dir='ltr'><strong>prg.</strong></span> <span class='ocrx_word' id='word_1_290' title='bbox 598 3979 656 4024; x_wconf 67' lang='grc' dir='ltr'><strong>Μ.</strong></span> <span class='ocrx_word' id='word_1_291' title='bbox 821 3981 894 4029; x_wconf 85' lang='lat' dir='ltr'><strong>Luna</strong></span> <span class='ocrx_word' id='word_1_292' title='bbox 906 3978 1070 4043; x_wconf 83' lang='lat' dir='ltr'><strong>prrtresrcere</strong></span> <span class='ocrx_word' id='word_1_293' title='bbox 1082 3981 1189 4043; x_wconf 72' lang='lat' dir='ltr'><strong>potent!</strong></span> 
     </span>
    </p>

    <p class='ocr_par' dir='ltr' id='par_1_7' title="bbox 255 4047 1343 4272">
     <span class='ocr_line' id='line_1_37' title="bbox 287 4047 1342 4121; baseline 0.007 -25"><span class='ocrx_word' id='word_1_294' title='bbox 287 4049 443 4111; x_wconf 64' lang='lat' dir='ltr'><strong>‘Tumque</strong></span> <span class='ocrx_word' id='word_1_295' title='bbox 451 4047 557 4110; x_wconf 73' lang='lat' dir='ltr'><strong>enarr]</strong></span> <span class='ocrx_word' id='word_1_296' title='bbox 575 4049 780 4101; x_wconf 79' lang='lat' dir='ltr'><strong>Abunaritinm</strong></span> <span class='ocrx_word' id='word_1_297' title='bbox 852 4055 1015 4119; x_wconf 58' lang='lat' dir='ltr'><strong>turnum</strong></span> <span class='ocrx_word' id='word_1_298' title='bbox 1031 4056 1147 4119; x_wconf 74' lang='lat' dir='ltr'><strong>dinisam]</strong></span> <span class='ocrx_word' id='word_1_299' title='bbox 1172 4056 1294 4121; x_wconf 77' lang='lat' dir='ltr'><strong>Inprimis</strong></span> <span class='ocrx_word' id='word_1_300' title='bbox 1313 4069 1342 4105; x_wconf 85' lang='lat' dir='ltr'><strong>rt.</strong></span> 
     </span>
     <span class='ocr_line' id='line_1_38' title="bbox 256 4123 1343 4194; baseline 0.009 -25"><span class='ocrx_word' id='word_1_301' title='bbox 256 4123 381 4186; x_wconf 65' lang='lat' dir='ltr'><strong>rubiginis</strong></span> <span class='ocrx_word' id='word_1_302' title='bbox 396 4126 487 4176; x_wconf 79' lang='lat' dir='ltr'><strong>oritur.</strong></span> <span class='ocrx_word' id='word_1_303' title='bbox 519 4126 646 4188; x_wconf 76' lang='lat' dir='ltr'><strong>‘lbeoplrn</strong></span> <span class='ocrx_word' id='word_1_304' title='bbox 662 4126 695 4174; x_wconf 88' lang='lat' dir='ltr'><strong>de</strong></span> <span class='ocrx_word' id='word_1_305' title='bbox 715 4128 780 4178; x_wconf 81' lang='lat' dir='ltr'><strong>Can·</strong></span> <span class='ocrx_word' id='word_1_306' title='bbox 821 4134 845 4179; x_wconf 78' lang='grc'><strong>6.</strong></span> <span class='ocrx_word' id='word_1_307' title='bbox 861 4129 905 4179; x_wconf 89' lang='lat' dir='ltr'><strong>nbi</strong></span> <span class='ocrx_word' id='word_1_308' title='bbox 923 4132 965 4179; x_wconf 88' lang='lat' dir='ltr'><strong>‘in</strong></span> <span class='ocrx_word' id='word_1_309' title='bbox 978 4131 1035 4194; x_wconf 80' lang='lat' dir='ltr'><strong>ipso</strong></span> <span class='ocrx_word' id='word_1_310' title='bbox 1046 4131 1117 4180; x_wconf 83' lang='lat' dir='ltr'><strong>coitu</strong></span> <span class='ocrx_word' id='word_1_311' title='bbox 1128 4146 1179 4180; x_wconf 90' lang='lat' dir='ltr'><strong>non</strong></span> <span class='ocrx_word' id='word_1_312' title='bbox 1191 4132 1280 4180; x_wconf 88' lang='lat' dir='ltr'><strong>cerni&#39;</strong></span> <span class='ocrx_word' id='word_1_313' title='bbox 1296 4132 1343 4181; x_wconf 76' lang='lat' dir='ltr'><strong>Ln-</strong></span> 
     </span>
     <span class='ocr_line' id='line_1_39' title="bbox 255 4198 1342 4272; baseline 0.007 -24"><span class='ocrx_word' id='word_1_314' title='bbox 255 4198 290 4248; x_wconf 84' lang='lat' dir='ltr'><strong>rir</strong></span> <span class='ocrx_word' id='word_1_315' title='bbox 302 4203 377 4251; x_wconf 65' lang='lat' dir='ltr'><strong>nit.</strong></span> <span class='ocrx_word' id='word_1_316' title='bbox 389 4206 514 4266; x_wconf 62' lang='lat' dir='ltr'><strong>papati.</strong></span> <span class='ocrx_word' id='word_1_317' title='bbox 531 4201 558 4252; x_wconf 84' lang='lat' dir='ltr'><strong>&#39;ll</strong></span> <span class='ocrx_word' id='word_1_318' title='bbox 578 4203 600 4252; x_wconf 76' lang='grc' dir='ltr'><strong>δ’</strong></span> <span class='ocrx_word' id='word_1_319' title='bbox 616 4203 721 4267; x_wconf 71' lang='grc' dir='ltr'><strong>ἐρωίβη,</strong></span> <span class='ocrx_word' id='word_1_320' title='bbox 738 4220 781 4256; x_wconf 75' lang='lat' dir='ltr'><strong>ra·</strong></span> <span class='ocrx_word' id='word_1_321' title='bbox 822 4219 881 4256; x_wconf 84' lang='lat' dir='ltr'><strong>nrm</strong></span> <span class='ocrx_word' id='word_1_322' title='bbox 906 4205 1038 4272; x_wconf 81' lang='lat' dir='ltr'><strong>admonet,</strong></span> <span class='ocrx_word' id='word_1_323' title='bbox 1062 4206 1071 4234; x_wconf 86' lang='lat'>‘</span> <span class='ocrx_word' id='word_1_324' title='bbox 1087 4209 1207 4272; x_wconf 79' lang='lat' dir='ltr'><strong>qnoniam</strong></span> <span class='ocrx_word' id='word_1_325' title='bbox 1229 4209 1342 4259; x_wconf 81' lang='lat' dir='ltr'><strong>baustum</strong></span> 
     </span>
    </p>
   </div>
   <div class='ocr_carea' id='block_1_6' title="bbox 0 0 1500 4860">
    <p class='ocr_par' dir='ltr' id='par_1_8' title="bbox 0 0 1500 4860">
     <span class='ocr_line' id='line_1_40' title="bbox 0 0 1500 4860; baseline 0 4"><span class='ocrx_word' id='word_1_326' title='bbox 0 0 1500 4860; x_wconf 95' lang='lat' dir='ltr'><strong> </strong></span> 
     </span>
    </p>
   </div>
  </div>
 </body>
</html>
