2990 4860
445 407 533 456 aar.
556 407 654 457 aren.
679 408 752 456 orn
777 407 892 458 xrrrr.
914 395 968 457 117.
1160 394 1242 460 aaz!

200 551 281 616 Fuit
293 551 359 616 boc
374 571 505 634 quoque
518 550 658 634 maioris
683 552 842 635 impendii
857 551 946 635 apud
962 551 1097 635 priores.
1138 550 1248 616 Creti-

158 653 208 717 cis
234 659 385 717 tantum¹
407 654 699 737 traaemariniaque
719 655 851 718 cotibus
874 655 975 729 notis,
996 673 1057 718 nec
1082 653 1150 716 nisi
1173 654 1249 717 oleo

157 752 258 817 falcis
279 753 385 818 aciem
410 753 645 818 excitantibus.
691 753 797 836 Igitur
811 773 912 820 cornu
924 762 1061 839 propter
1079 755 1188 818 oleum
1205 753 1249 818 ad

158 875 238 920 crus
256 855 359 936 ligato
373 855 519 919 loeniaex
544 855 732 920 incedebat.
777 856 881 920 Italia
899 859 1058 940 aquariae
1075 862 1170 920 cotes
1193 856 1251 922 de·

159 955 223 1032 dit,
238 957 327 1020 limae
340 959 453 1021 ricc²⁰
473 957 679 1038 imperantes
703 957 797 1021 aaa.
842 957 910 1038 Sed
930 959 1079 1040 aquariae
1095 959 1249 1040 protinus

161 1058 304 1121 virent.²¹
351 1057 505 1122 Falcium
520 1059 667 1140 ipsarum
683 1057 748 1121 duo
769 1077 909 1137 genera:
932 1058 1087 1122 Italicum
1103 1060 1250 1138 brevius,

161 1177 202 1222 ac
219 1159 272 1222 vel
282 1160 366 1224 iuter
377 1177 498 1240 vepres
511 1177 649 1241 quoqne
664 1159 851 1222 tractabile.
872 1157 1059 1223 Galliarum
1071 1159 1252 1225 latifundia

161 1259 294 1342 majoris
309 1258 511 1343 conpendii,
526 1259 799 1341 qnippe-median
811 1259 947 1324 cadunt
960 1260 1094 1336 herbas,
1120 1262 1252 1348 brevio·

162 1377 279 1442 resque
293 1369 501 1443 praetereuut.
545 1360 823 1430 luturtoenisex
847 1360 966 1424 dextra
991 1379 1058 1424 nna
1078 1381 1179 1424 manu
1201 1381 1252 1424 aa·

158 1467 256 1524 cat.²²
297 1461 432 1526 tusam
458 1467 533 1526 est·
553 1481 621 1525 nna
645 1481 747 1545 opera
767 1462 921 1545 jugerum
944 1463 980 1524 in
1008 1463 1062 1526 die
1083 1464 1251 1526 desecari:

163 1563 359 1646 alligarique
387 1565 577 1646 manipnlos
603 1564 691 1627 milla
721 1563 895 1639 durarem,
914 1571 1078 1646 quaterna
1099 1565 1251 1646 pondo.²3

163 1663 299 1728 Sectnm
312 1662 419 1730 vertib
434 1665 478 1729 ad
493 1663 618 1740 Solem,
632 1683 696 1728 uec
712 1663 778 1728 aiei
789 1665 922 1728 rincum
940 1666 1089 1729 construi
1102 1671 1251 1743 oportet:

162 1763 228 1830 nisi
250 1764 347 1836 suerit
370 1765 434 1830 buc
456 1767 672 1832 observatum
697 1765 881 1847 diligenter,
910 1766 1064 1830 exhalare
1090 1765 1254 1830 matutino

165 1865 322 1930 nebulam
347 1867 525 1950 quandam,
547 1873 719 1952 motaeque
743 1877 844 1932 mox‘
866 1868 946 1932 Sole
968 1866 1114 1944 accendi,
1128 1875 1162 1931 et
1178 1885 1255 1931 con·

164 1965 302 2049 flegma
314 1976 436 2034 certum
452 1976 515 2034 est„
559 1967 691 2034 Βιιειε
707 1966 828 2052 rigari‘¹
849 1969 987 2034 desecta
998 1975 1140 2052 oportet,
1152 1975 1190 2031 ut
1203 1985 1255 2032 se·

618 2149 799 2171 ‘tontum‘

164 2279 242 2330 derat
256 2278 283 2328 ia
296 2278 354 2329 cod.
366 2279 523 2338 natea-ao
540 2278 669 2330 Itaccdd.
683 2279 811 2330 llardaini
830 2287 858 2330 et
877 2281 1038 2331 ontearum
1055 2279 1115 2328 add·
1127 2277 1255 2329 Hardnir.

166 2350 189 2393 1.
202 2349 227 2394 2.
237 2347 262 2394 8.
272 2352 299 2393 et
316 2351 425 2394 recentt.
444 2343 517 2392 ciem
529 2344 642 2394 Gronov·
652 2353 679 2393 et
691 2347 724 2393 al.
736 2349 867 2395 vera—21
885 2344 994 2396 Qrttdarn
1012 2358 1055 2405 ap.
1072 2343 1162 2392 Dalec.
1180 2343 1257 2406 proti·

164 2423 210 2456 ιιι
220 2408 296 2470 riget,
304 2407 329 2456 id
342 2415 393 2470 ert,
403 2401 484 2457 aciem
494 2410 584 2458 trabit.
618 2407 682 2467 Alii,
696 2410 776 2472 potiar
791 2411 936 2459 durat-¹2
953 2407 1012 2457 itali
1022 2408 1147 2467 soeairecer
1158 2407 1182 2457 d.
1191 2421 1216 2455 rr.
1225 2421 1257 2456 ιιι.

164 2478 244 2524 acuar
260 2473 318 2522 cod.
336 2473 493 2523 Delam-28
510 2473 564 2524 Alii
574 2487 616 2538 ap.
628 2473 718 2524 natea
729 2481 870 2538 quterram
885 2475 1035 2538 peada-bt
1049 2472 1092 2522 lta
1102 2471 1178 2522 codd.
1190 2470 1258 2526 llat-

657 2639 765 2690 NOTAE

165 2733 253 2782 lentur
265 2747 315 2783 non
327 2734 415 2784 delicit
426 2735 531 2784 humor)
733 2735 912 2799 danturque
929 2734 1086 2797 peraridum,
1103 2745 1187 2797 neque
1204 2747 1261 2780 rur·

199 2815 209 2839 ¹
227 2807 329 2857 Creticis
340 2809 445 2874 tratura]
464 2811 527 2859 eam
547 2809 579 2858 ad
599 2823 694 2860 acuen·
733 2824 776 2858 ane
788 2809 870 2858 viride
882 2810 1034 2872 colligatur:
1053 2809 1171 2867 alterurn,
1190 2806 1259 2870 quod

168 2883 215 2932 dar
229 2881 311 2932 felnes
328 2898 378 2933 non
396 2885 445 2933 uiri
456 2884 568 2935 Creticis
585 2891 612 2933 et
624 2891 695 2933 trane
735 2899 834 2934 omnem
850 2899 954 2934 enccrrm
974 2886 994 2931 ai
1014 2883 1109 2938 amitit,
1125 2881 1260 2932 atramenti

165 2973 238 3009 raare
251 2961 333 3010 rectia
351 2959 621 3024 aeramentum.
655 2963 695 3012 De
736 2961 817 3009 ricem
828 2959 948 3009 obtinet:
965 2955 1162 3020 alterum,quod
1182 2957 1203 3004 ai
1224 2957 1261 3004 nl·

166 3036 206 3084 bia
227 3035 339 3098 ratibor,
361 3049 461 3086 mrr.
481 3041 523 3086 tt·
547 3036 593 3086 abi
614 3043 642 3087 et
663 3037 697 3087 de
735 3034 813 3084 niam
826 3030 1261 3094 retirruit‚intabulatoputraacite

166 3111 396 3176 aeneriiedicetur.
735 3123 848 3172 aeeoepe
866 3108 1005 3169 concaluit,
1025 3109 1110 3170 ignem
1131 3111 1214 3167 creat,
1232 3113 1262 3154 et

201 3187 326 3236 *Jmtarr
346 3185 393 3250 ert]
410 3187 552 3236 Columella
570 3199 611 3237 ιι.
627 3191 652 3236 2.
668 3185 695 3234 in
736 3184 882 3234 incendium
894 3215 980 3233 .....
992 3183 1070 3233 Certe
1086 3181 1209 3247 qrricquld
1228 3179 1261 3229 ad

103 3311 107 3317 ,
170 3261 257 3309 Maio:
276 3261 348 3309 ‘Per
365 3262 412 3310 boa
429 3262 485 3311 dier
501 3261 635 3312 soeniaicire
657 3262 695 3311 in·
735 3277 793 3312 earn
821 3261 934 3321 modam,
955 3274 1006 3323 quo
1028 3258 1117 3319 debet,
1137 3257 1261 3306 riccatrrru

167 3336 320 3386 atitaendae.
332 3337 420 3386 Bonae
429 3339 563 3401 operariae
575 3337 696 3401 pratiju·
736 3337 795 3399 erlt,
807 3336 831 3385 iu
844 3343 926 3384 netu
938 3325 1037 3383 eartrai
1049 3331 1195 3390 convertet,
1206 3343 1261 3378 ear·

169 3413 444 3476 moderannum
465 3415 549 3463 minua
569 3413 696 3463 milleria-
736 3428 788 3477 que
810 3413 878 3475 iprae
904 3412 932 3460 in
961 3408 1122 3458 acntlaairnor
1153 3407 1263 3454 rertinea

169 3495 260 3538 emtor
278 3489 421 3552 manipnloa
442 3504 506 3538 ranna
525 3489 635 3552 obligat,
653 3490 696 3554 qai
734 3488 836 3536 eaarni.
868 3487 913 3536 Sic
923 3484 989 3535 enirn
1001 3482 1204 3533 commcdlealrne
1215 3478 1263 3530 ste·

167 3564 324 3626 eintaieguli
336 3573 518 3627 quaternarum
528 3564 672 3614 librarem.'
735 3577 797 3612 narn
810 3559 958 3610 defenditur
978 3574 994 3606 a
1013 3558 1123 3620 plariia:
1142 3570 1200 3620 quae
1215 3557 1263 3606 etl·

202 3635 328 3686 idedun
342 3639 415 3701 certi]
443 3639 587 3688 Columella
606 3653 638 3689 rr.
659 3643 697 3688 to.
738 3627 801 3687 amet
813 3634 1115 3696 mualabnonalieunm
1126 3639 1264 3682 ramaneat

171 3714 379 3777 ‘Nonnunquam
391 3716 467 3763 etiara
479 3707 536 3764 rum
549 3716 696 3772 contritura,
739 3714 876 3777 praedictae
898 3718 978 3760 meter
1000 3707 1096 3768 facere,
1118 3717 1147 3757 nt
1168 3709 1189 3758 ai
1207 3709 1264 3773 qnia

171 3791 409 3852 lnberapprerait:
428 3789 497 3853 qnod
509 3791 530 3838 al
542 3791 698 3852 permadalt,
735 3790 829 3839 buruor
848 3787 934 3838 berbia
953 3786 1030 3848 lueet,
1050 3783 1169 3844 exardet,
1186 3793 1265 3847 atque

172 3865 318 3914 inutilem
331 3863 408 3912 udum
428 3878 540 3918 morere,
558 3865 699 3927 meliusque
739 3877 899 3931 excoquatur
918 3861 1073 3913 inacerriass
1104 3861 1178 3908 Meta
1187 3873 1265 3922 porra

170 3941 303 4003 patiemur
333 3940 489 4002 repertorem
518 3947 619 4002 partem
640 3940 700 3990 Sole
740 3941 837 3991 dieitur
853 3935 1115 4001 turtmngerteevet
1133 3942 1219 3984 rtreea
1238 3935 1265 3984 iu

170 4015 281 4066 riccari:
300 4023 360 4064 tunc
379 4015 481 4065 demum
502 4016 702 4082 cont¹erterarra,'
742 4017 913 4066 acutiaaiarurn
926 4015 1049 4064 verticem
1062 4017 1182 4059 exacuta.

172 4098 222 4143 tre.
772 4091 784 4125 ‘¹
803 4093 894 4142 licerer
912 4089 1001 4155 η’ςιή]
1018 4087 1162 4138 &lamella
1182 4099 1213 4137 ιι.
1226 4089 1265 4138 ld.

205 4176 216 4202 ι
235 4168 359 4231 Materque
369 4165 436 4229 arce]
453 4166 519 4216 Hac
530 4180 546 4215 a
557 4167 701 4218 Columella
719 4189 721 4194 ·
742 4168 847 4222 totideru
860 4167 954 4226 rarbia.

175 4258 208 4295 rr.
219 4248 258 4294 19.
274 4243 342 4293 ‘Eat
355 4249 440 4293 antam
452 4241 543 4294 modae
560 4242 586 4295 in
604 4243 700 4295 rtecaa-
1194 4249 1204 4279 ¹
